<?xml version="1.0" encoding="UTF-8"?>
   <collection xmlns="http://www.loc.gov/MARC21/slim">
      <record>
         <leader>00000nz  a2200169   4500</leader>
         <controlfield tag="001">30000327</controlfield>
         <controlfield tag="003">RISM</controlfield>
         <controlfield tag="005">20160216</controlfield>
         <controlfield tag="008">160216n||az|||||||##########||||||||||||</controlfield>
         <datafield tag="040" ind1=" " ind2=" ">
            <subfield code="a">A-A</subfield>
         </datafield>
         <datafield tag="043" ind1=" " ind2=" ">
            <subfield code="c">XA-AT</subfield>
         </datafield>
         <datafield tag="110" ind1="2" ind2=" ">
            <subfield code="a">Benediktinerstift</subfield>
            <subfield code="c">Admont</subfield>
            <subfield code="g">A-A</subfield>
         </datafield>
         <datafield tag="622" ind1=" " ind2=" ">
            <subfield code="e">Benediktinerstift, 8911 Admont 1, Austria</subfield>
            <subfield code="u">http://www.stiftadmont.at/deutsch/museum/bibliothek/stiftsbibliothek.php</subfield>
         </datafield>
      </record>