
      <record>
         <leader>00000nz  a2200169   4500</leader>
         <controlfield tag="001">30079320</controlfield>
         <controlfield tag="003">RISM</controlfield>
         <controlfield tag="005">20160216</controlfield>
         <controlfield tag="008">160216n||az|||||||##########||||||||||||</controlfield>
         <datafield tag="040" ind1=" " ind2=" ">
            <subfield code="a">A-ABseebaß</subfield>
         </datafield>
         <datafield tag="043" ind1=" " ind2=" ">
            <subfield code="c">AT</subfield>
         </datafield>
         <datafield tag="110" ind1="2" ind2=" ">
            <subfield code="a">Privatbibliothek Tilman Seebaß</subfield>
            <subfield code="c">Absam</subfield>
            <subfield code="g">A-ABseebaß</subfield>
         </datafield>
      </record>