
      <record>
         <leader>00000nz  a2200169   4500</leader>
         <controlfield tag="001">30006404</controlfield>
         <controlfield tag="003">RISM</controlfield>
         <controlfield tag="005">20160216</controlfield>
         <controlfield tag="008">160216n||az|||||||##########||||||||||||</controlfield>
         <datafield tag="040" ind1=" " ind2=" ">
            <subfield code="a">A-AL</subfield>
         </datafield>
         <datafield tag="043" ind1=" " ind2=" ">
            <subfield code="c">XA-AT</subfield>
         </datafield>
         <datafield tag="110" ind1="2" ind2=" ">
            <subfield code="a">Benediktinerstift</subfield>
            <subfield code="c">Altenburg</subfield>
            <subfield code="g">A-AL</subfield>
         </datafield>
         <datafield tag="410" ind1="2" ind2=" ">
            <subfield code="a">Benediktinerabtei&#xD;</subfield>
         </datafield>
         <datafield tag="622" ind1=" " ind2=" ">
            <subfield code="e">Benediktinerstift, Abt Placidus Much-Straße 1, 3591 Altenburg, Austria</subfield>
            <subfield code="u">http://www.stift-altenburg.at/</subfield>
         </datafield>
      </record>