
      <record>
         <leader>00000nz  a2200169   4500</leader>
         <controlfield tag="001">30076015</controlfield>
         <controlfield tag="003">RISM</controlfield>
         <controlfield tag="005">20160216</controlfield>
         <controlfield tag="008">160216n||az|||||||##########||||||||||||</controlfield>
         <datafield tag="040" ind1=" " ind2=" ">
            <subfield code="a">A-ALT</subfield>
         </datafield>
         <datafield tag="043" ind1=" " ind2=" ">
            <subfield code="c">XA-AT-4</subfield>
         </datafield>
         <datafield tag="110" ind1="2" ind2=" ">
            <subfield code="a">Katholische Pfarrkirche - Historisches Notenarchiv</subfield>
            <subfield code="c">Altmünster</subfield>
            <subfield code="g">A-ALT</subfield>
         </datafield>
         <datafield tag="622" ind1=" " ind2=" ">
            <subfield code="e">Katholische Pfarrkirche - Historisches,  Notenarchiv, Münsterstraße 1, 4813 Altmünster, Austria</subfield>
            <subfield code="u">http://pfarrealtmuenster.ki-0816.at/</subfield>
         </datafield>
      </record>