
      <record>
         <leader>00000nz  a2200169   4500</leader>
         <controlfield tag="001">30077037</controlfield>
         <controlfield tag="003">RISM</controlfield>
         <controlfield tag="005">20160216</controlfield>
         <controlfield tag="008">160216n||az|||||||##########||||||||||||</controlfield>
         <datafield tag="040" ind1=" " ind2=" ">
            <subfield code="a">A-ANS</subfield>
         </datafield>
         <datafield tag="043" ind1=" " ind2=" ">
            <subfield code="c">XA-AT</subfield>
         </datafield>
         <datafield tag="110" ind1="2" ind2=" ">
            <subfield code="a">Pfarre Ansfelden, Pfarrarchiv</subfield>
            <subfield code="c">Ansfelden</subfield>
            <subfield code="g">A-ANS</subfield>
         </datafield>
         <datafield tag="622" ind1=" " ind2=" ">
            <subfield code="e">Pfarre Ansfelden, Pfarrarchiv, Ansfeldner Straße 11, 4052 Ansfelden, Austria</subfield>
            <subfield code="u">http://www.dioezese-linz.at/pfarren/ansfelden/</subfield>
         </datafield>
      </record>