
      <record>
         <leader>00000nz  a2200169   4500</leader>
         <controlfield tag="001">30080301</controlfield>
         <controlfield tag="003">RISM</controlfield>
         <controlfield tag="005">20160216</controlfield>
         <controlfield tag="008">160216n||az|||||||##########||||||||||||</controlfield>
         <datafield tag="040" ind1=" " ind2=" ">
            <subfield code="a">A-ARD</subfield>
         </datafield>
         <datafield tag="043" ind1=" " ind2=" ">
            <subfield code="c">AT</subfield>
         </datafield>
         <datafield tag="110" ind1="2" ind2=" ">
            <subfield code="a">Wallfahrtskirche Frauenberg, Kirchenchorarchiv</subfield>
            <subfield code="c">Ardning</subfield>
            <subfield code="g">A-ARD</subfield>
         </datafield>
         <datafield tag="410" ind1="2" ind2=" ">
            <subfield code="a">Kirche Mariä Opferung Frauenberg</subfield>
         </datafield>
         <datafield tag="622" ind1=" " ind2=" ">
            <subfield code="e">Wallfahrtskirche Frauenberg, 8904 Ardning, Austria</subfield>
            <subfield code="u">http://www.stiftadmont.at/wallfahrtskirche-frauenberg/?parent=16</subfield>
         </datafield>
      </record>