
      <record>
         <leader>00000nz  a2200169   4500</leader>
         <controlfield tag="001">30076617</controlfield>
         <controlfield tag="003">RISM</controlfield>
         <controlfield tag="005">20160216</controlfield>
         <controlfield tag="008">160216n||az|||||||##########||||||||||||</controlfield>
         <datafield tag="040" ind1=" " ind2=" ">
            <subfield code="a">A-AST</subfield>
         </datafield>
         <datafield tag="043" ind1=" " ind2=" ">
            <subfield code="c">XA-AT-4</subfield>
         </datafield>
         <datafield tag="110" ind1="2" ind2=" ">
            <subfield code="a">Pfarre Asten, Pfarrarchiv</subfield>
            <subfield code="c">Asten</subfield>
            <subfield code="g">A-AST</subfield>
         </datafield>
         <datafield tag="622" ind1=" " ind2=" ">
            <subfield code="e">Pfarre Asten, Pfarrarchiv, Marktplatz 1, 4481 Asten, Austria</subfield>
            <subfield code="u">http://www.dioezese-linz.at/pfarren/asten/</subfield>
         </datafield>
      </record>