
      <record>
         <leader>00000nz  a2200169   4500</leader>
         <controlfield tag="001">30076765</controlfield>
         <controlfield tag="003">RISM</controlfield>
         <controlfield tag="005">20160216</controlfield>
         <controlfield tag="008">160216n||az|||||||##########||||||||||||</controlfield>
         <datafield tag="040" ind1=" " ind2=" ">
            <subfield code="a">A-BImk</subfield>
         </datafield>
         <datafield tag="043" ind1=" " ind2=" ">
            <subfield code="c">XA-AT</subfield>
         </datafield>
         <datafield tag="110" ind1="2" ind2=" ">
            <subfield code="a">Archiv der Bundesmusikkapelle Bichlbach</subfield>
            <subfield code="c">Bichlbach</subfield>
            <subfield code="g">A-BImk</subfield>
         </datafield>
         <datafield tag="622" ind1=" " ind2=" ">
            <subfield code="e">Archiv der Bundesmusikkapelle Bichlbach, Weidli 165, 6621 Bichlbach, Austria</subfield>
            <subfield code="u">http://www.bmk-bichlbach.at</subfield>
         </datafield>
      </record>