
      <record>
         <leader>00000nz  a2200169   4500</leader>
         <controlfield tag="001">30076619</controlfield>
         <controlfield tag="003">RISM</controlfield>
         <controlfield tag="005">20160216</controlfield>
         <controlfield tag="008">160216n||az|||||||##########||||||||||||</controlfield>
         <datafield tag="040" ind1=" " ind2=" ">
            <subfield code="a">A-BL</subfield>
         </datafield>
         <datafield tag="043" ind1=" " ind2=" ">
            <subfield code="c">XA-AT-4</subfield>
         </datafield>
         <datafield tag="110" ind1="2" ind2=" ">
            <subfield code="a">Stadtpfarre Bad Leonfelden, Pfarrarchiv</subfield>
            <subfield code="c">Bad Leonfelden</subfield>
            <subfield code="g">A-BL</subfield>
         </datafield>
         <datafield tag="622" ind1=" " ind2=" ">
            <subfield code="e">Stadtpfarre Bad Leonfelden, Kirchenplatz 1, 4190 Bad Leonfelden, Austria</subfield>
         </datafield>
      </record>