
      <record>
         <leader>00000nz  a2200169   4500</leader>
         <controlfield tag="001">30000328</controlfield>
         <controlfield tag="003">RISM</controlfield>
         <controlfield tag="005">20160216</controlfield>
         <controlfield tag="008">160216n||az|||||||##########||||||||||||</controlfield>
         <datafield tag="040" ind1=" " ind2=" ">
            <subfield code="a">A-BRa</subfield>
         </datafield>
         <datafield tag="043" ind1=" " ind2=" ">
            <subfield code="c">XA-AT</subfield>
         </datafield>
         <datafield tag="110" ind1="2" ind2=" ">
            <subfield code="a">Vorarlberger Landesarchiv, Musiksammlung</subfield>
            <subfield code="c">Bregenz</subfield>
            <subfield code="g">A-BRa</subfield>
         </datafield>
         <datafield tag="622" ind1=" " ind2=" ">
            <subfield code="e">Vorarlberger Landesarchiv, Musiksammlung, Kirchstraße 28, 6900 Bregenz, Austria</subfield>
         </datafield>
      </record>