
      <record>
         <leader>00000nz  a2200169   4500</leader>
         <controlfield tag="001">30002583</controlfield>
         <controlfield tag="003">RISM</controlfield>
         <controlfield tag="005">20160216</controlfield>
         <controlfield tag="008">160216n||az|||||||##########||||||||||||</controlfield>
         <datafield tag="040" ind1=" " ind2=" ">
            <subfield code="a">A-BRz</subfield>
         </datafield>
         <datafield tag="043" ind1=" " ind2=" ">
            <subfield code="c">XA-AT</subfield>
         </datafield>
         <datafield tag="110" ind1="2" ind2=" ">
            <subfield code="a">Bibliothek der Zisterzienserabtei Wettingen-Mehrerau</subfield>
            <subfield code="c">Bregenz</subfield>
            <subfield code="g">A-BRz</subfield>
         </datafield>
         <datafield tag="622" ind1=" " ind2=" ">
            <subfield code="e">Bibliothek der Zisterzienserabtei,  Wettingen-Mehrerau, Mehrerauerstr. 66, 6900 Bregenz, Austria</subfield>
            <subfield code="u">http://www.kloster.mehrerau.at/</subfield>
         </datafield>
      </record>