
      <record>
         <leader>00000nz  a2200169   4500</leader>
         <controlfield tag="001">30000119</controlfield>
         <controlfield tag="003">RISM</controlfield>
         <controlfield tag="005">20160216</controlfield>
         <controlfield tag="008">160216n||az|||||||##########||||||||||||</controlfield>
         <datafield tag="040" ind1=" " ind2=" ">
            <subfield code="a">A-Ed</subfield>
         </datafield>
         <datafield tag="043" ind1=" " ind2=" ">
            <subfield code="c">XA-AT</subfield>
         </datafield>
         <datafield tag="110" ind1="2" ind2=" ">
            <subfield code="a">Domarchiv</subfield>
            <subfield code="c">Eisenstadt</subfield>
            <subfield code="g">A-Ed</subfield>
         </datafield>
         <datafield tag="410" ind1="2" ind2=" ">
            <subfield code="a">Dom- und Stadtpfarre zum heiligen Martin</subfield>
         </datafield>
         <datafield tag="510" ind1="2" ind2=" ">
            <subfield code="a">Stadtpfarrkirche St. Martin</subfield>
         </datafield>
         <datafield tag="622" ind1=" " ind2=" ">
            <subfield code="e">Domarchiv, Pfarrgasse 32, 7000 Eisenstadt, Austria</subfield>
            <subfield code="u">http://www.martinus.at/dompfarre/</subfield>
         </datafield>
      </record>