
      <record>
         <leader>00000nz  a2200169   4500</leader>
         <controlfield tag="001">30000329</controlfield>
         <controlfield tag="003">RISM</controlfield>
         <controlfield tag="005">20160216</controlfield>
         <controlfield tag="008">160216n||az|||||||##########||||||||||||</controlfield>
         <datafield tag="040" ind1=" " ind2=" ">
            <subfield code="a">A-Ee</subfield>
         </datafield>
         <datafield tag="043" ind1=" " ind2=" ">
            <subfield code="c">XA-AT</subfield>
         </datafield>
         <datafield tag="110" ind1="2" ind2=" ">
            <subfield code="a">Fürstlich Esterházysches Musikarchiv</subfield>
            <subfield code="c">Eisenstadt</subfield>
            <subfield code="g">A-Ee</subfield>
         </datafield>
         <datafield tag="410" ind1="2" ind2=" ">
            <subfield code="a">Esterhazy-Schloßarchiv</subfield>
         </datafield>
         <datafield tag="410" ind1="2" ind2=" ">
            <subfield code="a">Esterházy-Archiv</subfield>
         </datafield>
         <datafield tag="622" ind1=" " ind2=" ">
            <subfield code="e">Fürstlich Esterházysches Musikarchiv, Schloß, Esterházyplatz 5, Postfach 49, 7000 Eisenstadt, Austria</subfield>
            <subfield code="u">http://www.schloss-esterhazy.at/</subfield>
         </datafield>
      </record>