
      <record>
         <leader>00000nz  a2200169   4500</leader>
         <controlfield tag="001">30078950</controlfield>
         <controlfield tag="003">RISM</controlfield>
         <controlfield tag="005">20160216</controlfield>
         <controlfield tag="008">160216n||az|||||||##########||||||||||||</controlfield>
         <datafield tag="040" ind1=" " ind2=" ">
            <subfield code="a">A-EF</subfield>
         </datafield>
         <datafield tag="043" ind1=" " ind2=" ">
            <subfield code="c">AT</subfield>
         </datafield>
         <datafield tag="110" ind1="2" ind2=" ">
            <subfield code="a">Stadtpfarrkirche zum Hl. Hippolyt</subfield>
            <subfield code="c">Eferding</subfield>
            <subfield code="g">A-EF</subfield>
         </datafield>
         <datafield tag="622" ind1=" " ind2=" ">
            <subfield code="e">Stadtpfarrkirche zum Hl. Hippolyt, Kirchenplatz 2, 4070 Eferding, Austria</subfield>
            <subfield code="u">http://pfarre-eferding.dioezese-linz.at/?ausw=i-stadtpfarrkirche.html</subfield>
         </datafield>
      </record>