
      <record>
         <leader>00000nz  a2200169   4500</leader>
         <controlfield tag="001">30003838</controlfield>
         <controlfield tag="003">RISM</controlfield>
         <controlfield tag="005">20160216</controlfield>
         <controlfield tag="008">160216n||az|||||||##########||||||||||||</controlfield>
         <datafield tag="040" ind1=" " ind2=" ">
            <subfield code="a">A-EG</subfield>
         </datafield>
         <datafield tag="043" ind1=" " ind2=" ">
            <subfield code="c">XA-AT</subfield>
         </datafield>
         <datafield tag="110" ind1="2" ind2=" ">
            <subfield code="a">Realpropstei</subfield>
            <subfield code="c">Eisgarn</subfield>
            <subfield code="g">A-EG</subfield>
         </datafield>
         <datafield tag="410" ind1="2" ind2=" ">
            <subfield code="a">Kollegiatstift</subfield>
         </datafield>
         <datafield tag="622" ind1=" " ind2=" ">
            <subfield code="e">Realpropstei, Stiftsplatz 1, 3862 Eisgarn, Austria</subfield>
         </datafield>
      </record>