
      <record>
         <leader>00000nz  a2200169   4500</leader>
         <controlfield tag="001">30000330</controlfield>
         <controlfield tag="003">RISM</controlfield>
         <controlfield tag="005">20160216</controlfield>
         <controlfield tag="008">160216n||az|||||||##########||||||||||||</controlfield>
         <datafield tag="040" ind1=" " ind2=" ">
            <subfield code="a">A-Eh</subfield>
         </datafield>
         <datafield tag="043" ind1=" " ind2=" ">
            <subfield code="c">XA-AT</subfield>
         </datafield>
         <datafield tag="110" ind1="2" ind2=" ">
            <subfield code="a">Haydn-Haus</subfield>
            <subfield code="c">Eisenstadt</subfield>
            <subfield code="g">A-Eh</subfield>
         </datafield>
         <datafield tag="410" ind1="2" ind2=" ">
            <subfield code="a">Haydn-Museum</subfield>
         </datafield>
         <datafield tag="622" ind1=" " ind2=" ">
            <subfield code="e">Haydn-Haus, Joseph-Haydn-Gasse 19 &amp; 21, 7000 Eisenstadt, Austria</subfield>
            <subfield code="u">http://kultur-burgenland.at/de/partnerbetrieb/haydn-haus-eisenstadt</subfield>
         </datafield>
      </record>