
      <record>
         <leader>00000nz  a2200169   4500</leader>
         <controlfield tag="001">30002584</controlfield>
         <controlfield tag="003">RISM</controlfield>
         <controlfield tag="005">20160216</controlfield>
         <controlfield tag="008">160216n||az|||||||##########||||||||||||</controlfield>
         <datafield tag="040" ind1=" " ind2=" ">
            <subfield code="a">A-ENG</subfield>
         </datafield>
         <datafield tag="043" ind1=" " ind2=" ">
            <subfield code="c">XA-AT</subfield>
         </datafield>
         <datafield tag="110" ind1="2" ind2=" ">
            <subfield code="a">Stift Engelszell, Bibliothek</subfield>
            <subfield code="c">Engelhartszell an der Donau</subfield>
            <subfield code="g">A-ENG</subfield>
         </datafield>
         <datafield tag="410" ind1="2" ind2=" ">
            <subfield code="a">Trappistenkloster, Bibliothek</subfield>
         </datafield>
         <datafield tag="622" ind1=" " ind2=" ">
            <subfield code="e">Stift Engelszell, Bibliothek, Stiftstraße 6, 4090 Engelhartszell an der Donau, Austria</subfield>
            <subfield code="u">http://www.stift-engelszell.at/cmsimple/</subfield>
         </datafield>
      </record>