
      <record>
         <leader>00000nz  a2200169   4500</leader>
         <controlfield tag="001">30003723</controlfield>
         <controlfield tag="003">RISM</controlfield>
         <controlfield tag="005">20160216</controlfield>
         <controlfield tag="008">160216n||az|||||||##########||||||||||||</controlfield>
         <datafield tag="040" ind1=" " ind2=" ">
            <subfield code="a">A-ETgoëss</subfield>
         </datafield>
         <datafield tag="043" ind1=" " ind2=" ">
            <subfield code="c">XA-AT</subfield>
         </datafield>
         <datafield tag="110" ind1="2" ind2=" ">
            <subfield code="a">Privatbibliothek Goëss</subfield>
            <subfield code="c">Ebenthal bei Klagenfurt</subfield>
            <subfield code="g">A-ETgoëss</subfield>
         </datafield>
         <datafield tag="622" ind1=" " ind2=" ">
            <subfield code="e">Dr. Leopold Goëss, Schloß, Ebenthal (bei Klagenfurt), Austria</subfield>
         </datafield>
      </record>