
      <record>
         <leader>00000nz  a2200169   4500</leader>
         <controlfield tag="001">30000333</controlfield>
         <controlfield tag="003">RISM</controlfield>
         <controlfield tag="005">20160216</controlfield>
         <controlfield tag="008">160216n||az|||||||##########||||||||||||</controlfield>
         <datafield tag="040" ind1=" " ind2=" ">
            <subfield code="a">A-F</subfield>
         </datafield>
         <datafield tag="043" ind1=" " ind2=" ">
            <subfield code="c">XA-AT</subfield>
         </datafield>
         <datafield tag="110" ind1="2" ind2=" ">
            <subfield code="a">Benediktinerabtei St. Georgenberg-Fiecht, Bibliothek</subfield>
            <subfield code="c">Vomp-Fiecht</subfield>
            <subfield code="g">A-F</subfield>
         </datafield>
         <datafield tag="622" ind1=" " ind2=" ">
            <subfield code="e">Benediktinerabtei St.,  Georgenberg-Fiecht, Bibliothek, 6134 Vomp-Fiecht, Austria</subfield>
            <subfield code="u">http://www.st-georgenberg.at/bibliothek.phtml</subfield>
         </datafield>
      </record>