
      <record>
         <leader>00000nz  a2200169   4500</leader>
         <controlfield tag="001">30078092</controlfield>
         <controlfield tag="003">RISM</controlfield>
         <controlfield tag="005">20160216</controlfield>
         <controlfield tag="008">160216n||az|||||||##########||||||||||||</controlfield>
         <datafield tag="040" ind1=" " ind2=" ">
            <subfield code="a">A-FKdk</subfield>
         </datafield>
         <datafield tag="043" ind1=" " ind2=" ">
            <subfield code="c">AT</subfield>
         </datafield>
         <datafield tag="110" ind1="2" ind2=" ">
            <subfield code="a">Dominikanerinnenkloster, Musikarchiv</subfield>
            <subfield code="c">Feldkirch</subfield>
            <subfield code="g">A-FKdk</subfield>
         </datafield>
         <datafield tag="622" ind1=" " ind2=" ">
            <subfield code="e">Dominikanerinnenkloster, Musikarchiv, Altenstadt, Klosterstrasse 2, 6804 Feldkirch, Austria</subfield>
            <subfield code="u">http://www.dominikanerinnen.net/de/dominikanerinnen/a_feldkirch/index.html</subfield>
         </datafield>
      </record>