
      <record>
         <leader>00000nz  a2200169   4500</leader>
         <controlfield tag="001">30002585</controlfield>
         <controlfield tag="003">RISM</controlfield>
         <controlfield tag="005">20160216</controlfield>
         <controlfield tag="008">160216n||az|||||||##########||||||||||||</controlfield>
         <datafield tag="040" ind1=" " ind2=" ">
            <subfield code="a">A-FKk</subfield>
         </datafield>
         <datafield tag="043" ind1=" " ind2=" ">
            <subfield code="c">XA-AT</subfield>
         </datafield>
         <datafield tag="110" ind1="2" ind2=" ">
            <subfield code="a">Kapuzinerkloster</subfield>
            <subfield code="c">Feldkirch</subfield>
            <subfield code="g">A-FKk</subfield>
         </datafield>
         <datafield tag="622" ind1=" " ind2=" ">
            <subfield code="e">Kapuzinerkloster, Bahnhofstraße 4, 6800 Feldkirch, Austria</subfield>
            <subfield code="u">http://www.kapuziner.org/oprov/niederlassungen/feldkirch/</subfield>
         </datafield>
      </record>