
      <record>
         <leader>00000nz  a2200169   4500</leader>
         <controlfield tag="001">30002586</controlfield>
         <controlfield tag="003">RISM</controlfield>
         <controlfield tag="005">20160216</controlfield>
         <controlfield tag="008">160216n||az|||||||##########||||||||||||</controlfield>
         <datafield tag="040" ind1=" " ind2=" ">
            <subfield code="a">A-FKs</subfield>
         </datafield>
         <datafield tag="043" ind1=" " ind2=" ">
            <subfield code="c">XA-AT</subfield>
         </datafield>
         <datafield tag="110" ind1="2" ind2=" ">
            <subfield code="a">Jesuitengymnasium Stella Matutina</subfield>
            <subfield code="c">Feldkirch</subfield>
            <subfield code="g">A-FKs</subfield>
         </datafield>
         <datafield tag="580" ind1=" " ind2=" ">
            <subfield code="x">A-FKst</subfield>
            <subfield code="0">30006057</subfield>
         </datafield>
      </record>