
      <record>
         <leader>00000nz  a2200169   4500</leader>
         <controlfield tag="001">30077027</controlfield>
         <controlfield tag="003">RISM</controlfield>
         <controlfield tag="005">20160216</controlfield>
         <controlfield tag="008">160216n||az|||||||##########||||||||||||</controlfield>
         <datafield tag="040" ind1=" " ind2=" ">
            <subfield code="a">A-FKsta</subfield>
         </datafield>
         <datafield tag="043" ind1=" " ind2=" ">
            <subfield code="c">XA-AT</subfield>
         </datafield>
         <datafield tag="110" ind1="2" ind2=" ">
            <subfield code="a">Stadtarchiv</subfield>
            <subfield code="c">Feldkirch</subfield>
            <subfield code="g">A-FKsta</subfield>
         </datafield>
         <datafield tag="622" ind1=" " ind2=" ">
            <subfield code="e">Stadtarchiv, Schlossergasse 8, 6800 Feldkirch, Austria</subfield>
            <subfield code="u">http://www.feldkirch.at/rathaus/archiv</subfield>
         </datafield>
      </record>