
      <record>
         <leader>00000nz  a2200169   4500</leader>
         <controlfield tag="001">30080103</controlfield>
         <controlfield tag="003">RISM</controlfield>
         <controlfield tag="005">20160216</controlfield>
         <controlfield tag="008">160216n||az|||||||##########||||||||||||</controlfield>
         <datafield tag="040" ind1=" " ind2=" ">
            <subfield code="a">A-FRcg</subfield>
         </datafield>
         <datafield tag="043" ind1=" " ind2=" ">
            <subfield code="c">AT</subfield>
         </datafield>
         <datafield tag="110" ind1="2" ind2=" ">
            <subfield code="a">Chorgemeinschaft Freistadt, Musikarchiv</subfield>
            <subfield code="c">Freistadt</subfield>
            <subfield code="g">A-FRcg</subfield>
         </datafield>
         <datafield tag="622" ind1=" " ind2=" ">
            <subfield code="e">Chorgemeinschaft Freistadt, Musikarchiv, Dechanthofplatz 1, 4240 Freistadt, Austria</subfield>
         </datafield>
      </record>