
      <record>
         <leader>00000nz  a2200169   4500</leader>
         <controlfield tag="001">30000334</controlfield>
         <controlfield tag="003">RISM</controlfield>
         <controlfield tag="005">20160216</controlfield>
         <controlfield tag="008">160216n||az|||||||##########||||||||||||</controlfield>
         <datafield tag="040" ind1=" " ind2=" ">
            <subfield code="a">A-FRE</subfield>
         </datafield>
         <datafield tag="043" ind1=" " ind2=" ">
            <subfield code="c">XA-AT</subfield>
         </datafield>
         <datafield tag="110" ind1="2" ind2=" ">
            <subfield code="a">Evangelisches Kulturzentrum</subfield>
            <subfield code="c">Fresach</subfield>
            <subfield code="g">A-FRE</subfield>
         </datafield>
         <datafield tag="410" ind1="2" ind2=" ">
            <subfield code="a">Evangelisches Diözesanmuseum</subfield>
         </datafield>
         <datafield tag="622" ind1=" " ind2=" ">
            <subfield code="e">Evangelisches Kulturzentrum, Museumweg 32, 9712 Fresach, Austria</subfield>
            <subfield code="u">http://www.evangelischeskulturzentrum.at/home_de/</subfield>
         </datafield>
      </record>