
      <record>
         <leader>00000nz  a2200169   4500</leader>
         <controlfield tag="001">30000335</controlfield>
         <controlfield tag="003">RISM</controlfield>
         <controlfield tag="005">20160216</controlfield>
         <controlfield tag="008">160216n||az|||||||##########||||||||||||</controlfield>
         <datafield tag="040" ind1=" " ind2=" ">
            <subfield code="a">A-FRI</subfield>
         </datafield>
         <datafield tag="043" ind1=" " ind2=" ">
            <subfield code="c">XA-AT</subfield>
         </datafield>
         <datafield tag="110" ind1="2" ind2=" ">
            <subfield code="a">Stadtmuseum</subfield>
            <subfield code="c">Friesach</subfield>
            <subfield code="g">A-FRI</subfield>
         </datafield>
         <datafield tag="622" ind1=" " ind2=" ">
            <subfield code="e">Stadtmuseum, 9360 Friesach, Austria</subfield>
            <subfield code="u">http://friesach2.dotnethost.at/tourismus/museen/stadtmuseum.aspx</subfield>
         </datafield>
      </record>