
      <record>
         <leader>00000nz  a2200169   4500</leader>
         <controlfield tag="001">30078582</controlfield>
         <controlfield tag="003">RISM</controlfield>
         <controlfield tag="005">20160216</controlfield>
         <controlfield tag="008">160216n||az|||||||##########||||||||||||</controlfield>
         <datafield tag="040" ind1=" " ind2=" ">
            <subfield code="a">A-GAkp</subfield>
         </datafield>
         <datafield tag="043" ind1=" " ind2=" ">
            <subfield code="c">XA-AT</subfield>
         </datafield>
         <datafield tag="110" ind1="2" ind2=" ">
            <subfield code="a">Kath. Pfarrkirche Mariä Himmelfahrt, Notenarchiv</subfield>
            <subfield code="c">Garsten</subfield>
            <subfield code="g">A-GAkp</subfield>
         </datafield>
         <datafield tag="410" ind1="2" ind2=" ">
            <subfield code="a">Ehemalige Stiftskirche</subfield>
         </datafield>
         <datafield tag="622" ind1=" " ind2=" ">
            <subfield code="e">Kath. Pfarrkirche Mariä Himmelfahrt,,  Notenarchiv, Am Platzl 2, 4451 Garsten, Austria</subfield>
         </datafield>
      </record>