
      <record>
         <leader>00000nz  a2200169   4500</leader>
         <controlfield tag="001">30077461</controlfield>
         <controlfield tag="003">RISM</controlfield>
         <controlfield tag="005">20160216</controlfield>
         <controlfield tag="008">160216n||az|||||||##########||||||||||||</controlfield>
         <datafield tag="040" ind1=" " ind2=" ">
            <subfield code="a">A-GAM</subfield>
         </datafield>
         <datafield tag="043" ind1=" " ind2=" ">
            <subfield code="c">AT</subfield>
         </datafield>
         <datafield tag="110" ind1="2" ind2=" ">
            <subfield code="a">Kath. Pfarrkirche hl. Remigius</subfield>
            <subfield code="c">Gampern</subfield>
            <subfield code="g">A-GAM</subfield>
         </datafield>
         <datafield tag="622" ind1=" " ind2=" ">
            <subfield code="e">Kath. Pfarrkirche hl. Remigius, 4851 Gampern, Austria</subfield>
            <subfield code="u">http://www.dioezese-linz.at/pfarren/gampern/</subfield>
         </datafield>
      </record>