
      <record>
         <leader>00000nz  a2200169   4500</leader>
         <controlfield tag="001">30076606</controlfield>
         <controlfield tag="003">RISM</controlfield>
         <controlfield tag="005">20160216</controlfield>
         <controlfield tag="008">160216n||az|||||||##########||||||||||||</controlfield>
         <datafield tag="040" ind1=" " ind2=" ">
            <subfield code="a">A-GAS</subfield>
         </datafield>
         <datafield tag="043" ind1=" " ind2=" ">
            <subfield code="c">XA-AT-4</subfield>
         </datafield>
         <datafield tag="110" ind1="2" ind2=" ">
            <subfield code="a">Pfarre Gaspoltshofen, Pfarrarchiv</subfield>
            <subfield code="c">Gaspoltshofen</subfield>
            <subfield code="g">A-GAS</subfield>
         </datafield>
         <datafield tag="622" ind1=" " ind2=" ">
            <subfield code="e">Pfarre Gaspoltshofen, Pfarrhofweg 4, 4673 Gaspoltshofen, Austria</subfield>
            <subfield code="u">http://www.pfarre-gaspoltshofen.at/</subfield>
         </datafield>
      </record>