
      <record>
         <leader>00000nz  a2200169   4500</leader>
         <controlfield tag="001">30076358</controlfield>
         <controlfield tag="003">RISM</controlfield>
         <controlfield tag="005">20160216</controlfield>
         <controlfield tag="008">160216n||az|||||||##########||||||||||||</controlfield>
         <datafield tag="040" ind1=" " ind2=" ">
            <subfield code="a">A-Gbo</subfield>
         </datafield>
         <datafield tag="043" ind1=" " ind2=" ">
            <subfield code="c">XA-AT</subfield>
         </datafield>
         <datafield tag="110" ind1="2" ind2=" ">
            <subfield code="a">Opernhaus Graz GmbH, Opernarchiv</subfield>
            <subfield code="c">Graz</subfield>
            <subfield code="g">A-Gbo</subfield>
         </datafield>
         <datafield tag="410" ind1="2" ind2=" ">
            <subfield code="a">Bühnen Graz, Opernarchiv</subfield>
         </datafield>
         <datafield tag="410" ind1="2" ind2=" ">
            <subfield code="a">Vereinigte Bühnen Graz, Opernarchiv</subfield>
         </datafield>
         <datafield tag="622" ind1=" " ind2=" ">
            <subfield code="e">Opernhaus Graz GmbH, Opernarchiv, Kaiser-Josef-Platz 10, 8010 Graz, Austria</subfield>
            <subfield code="u">http://www.oper-graz.com/</subfield>
         </datafield>
      </record>