
      <record>
         <leader>00000nz  a2200169   4500</leader>
         <controlfield tag="001">30000336</controlfield>
         <controlfield tag="003">RISM</controlfield>
         <controlfield tag="005">20160216</controlfield>
         <controlfield tag="008">160216n||az|||||||##########||||||||||||</controlfield>
         <datafield tag="040" ind1=" " ind2=" ">
            <subfield code="a">A-Gd</subfield>
         </datafield>
         <datafield tag="043" ind1=" " ind2=" ">
            <subfield code="c">XA-AT</subfield>
         </datafield>
         <datafield tag="110" ind1="2" ind2=" ">
            <subfield code="a">Bibliothek des Bischöflichen Ordinariats</subfield>
            <subfield code="c">Graz</subfield>
            <subfield code="g">A-Gd</subfield>
         </datafield>
         <datafield tag="410" ind1="2" ind2=" ">
            <subfield code="a">Bibliothek des Bischöflichen Seckauer Ordinariats</subfield>
         </datafield>
         <datafield tag="410" ind1="2" ind2=" ">
            <subfield code="a">Diözese Graz-Seckau, Bibliothek</subfield>
         </datafield>
         <datafield tag="622" ind1=" " ind2=" ">
            <subfield code="e">Bibliothek des Bischöflichen Ordinariats, Bischofplatz 4, 8010 Graz, Austria</subfield>
            <subfield code="u">http://www.katholische-kirche-steiermark.at/</subfield>
         </datafield>
      </record>