
      <record>
         <leader>00000nz  a2200169   4500</leader>
         <controlfield tag="001">30002588</controlfield>
         <controlfield tag="003">RISM</controlfield>
         <controlfield tag="005">20160216</controlfield>
         <controlfield tag="008">160216n||az|||||||##########||||||||||||</controlfield>
         <datafield tag="040" ind1=" " ind2=" ">
            <subfield code="a">A-Gdo</subfield>
         </datafield>
         <datafield tag="043" ind1=" " ind2=" ">
            <subfield code="c">XA-AT</subfield>
         </datafield>
         <datafield tag="110" ind1="2" ind2=" ">
            <subfield code="a">Bibliothek des Dominikanerklosters</subfield>
            <subfield code="c">Graz</subfield>
            <subfield code="g">A-Gdo</subfield>
         </datafield>
         <datafield tag="622" ind1=" " ind2=" ">
            <subfield code="e">Bibliothek des Dominikanerklosters, Münzgrabenstraße 61, 8010 Graz, Austria</subfield>
            <subfield code="u">http://muenzgraben.graz-seckau.at/</subfield>
         </datafield>
      </record>