
      <record>
         <leader>00000nz  a2200169   4500</leader>
         <controlfield tag="001">30000341</controlfield>
         <controlfield tag="003">RISM</controlfield>
         <controlfield tag="005">20160216</controlfield>
         <controlfield tag="008">160216n||az|||||||##########||||||||||||</controlfield>
         <datafield tag="040" ind1=" " ind2=" ">
            <subfield code="a">A-GE</subfield>
         </datafield>
         <datafield tag="043" ind1=" " ind2=" ">
            <subfield code="c">XA-AT</subfield>
         </datafield>
         <datafield tag="110" ind1="2" ind2=" ">
            <subfield code="a">Prämonstratenserstift, Bibliothek</subfield>
            <subfield code="c">Geras</subfield>
            <subfield code="g">A-GE</subfield>
         </datafield>
         <datafield tag="622" ind1=" " ind2=" ">
            <subfield code="e">Prämonstratenserstift, Bibliothek, Hauptstr. 1, 2093 Geras, Austria</subfield>
            <subfield code="u">http://www.stiftgeras.at</subfield>
         </datafield>
      </record>