
      <record>
         <leader>00000nz  a2200169   4500</leader>
         <controlfield tag="001">30002589</controlfield>
         <controlfield tag="003">RISM</controlfield>
         <controlfield tag="005">20160216</controlfield>
         <controlfield tag="008">160216n||az|||||||##########||||||||||||</controlfield>
         <datafield tag="040" ind1=" " ind2=" ">
            <subfield code="a">A-Gf</subfield>
         </datafield>
         <datafield tag="043" ind1=" " ind2=" ">
            <subfield code="c">XA-AT</subfield>
         </datafield>
         <datafield tag="110" ind1="2" ind2=" ">
            <subfield code="a">Zentralbibliothek der Wiener Franziskanerprovinz</subfield>
            <subfield code="c">Graz</subfield>
            <subfield code="g">A-Gf</subfield>
         </datafield>
         <datafield tag="622" ind1=" " ind2=" ">
            <subfield code="e">Zentralbibliothek der Wiener,  Franziskanerprovinz, Franziskanerplatz 14, 8010 Graz, Austria</subfield>
            <subfield code="u">http://www.ksbm.oeaw.ac.at/grazofm/allg.htm</subfield>
         </datafield>
      </record>