
      <record>
         <leader>00000nz  a2200169   4500</leader>
         <controlfield tag="001">30006093</controlfield>
         <controlfield tag="003">RISM</controlfield>
         <controlfield tag="005">20160216</controlfield>
         <controlfield tag="008">160216n||az|||||||##########||||||||||||</controlfield>
         <datafield tag="040" ind1=" " ind2=" ">
            <subfield code="a">A-Gil</subfield>
         </datafield>
         <datafield tag="043" ind1=" " ind2=" ">
            <subfield code="c">XA-AT</subfield>
         </datafield>
         <datafield tag="110" ind1="2" ind2=" ">
            <subfield code="a">Institut für Liturgiewissenschaft, Christliche Kunst und Hymnologie</subfield>
            <subfield code="c">Graz</subfield>
            <subfield code="g">A-Gil</subfield>
         </datafield>
         <datafield tag="622" ind1=" " ind2=" ">
            <subfield code="e">Institut für Liturgiewissenschaft,,  Christliche Kunst und Hymnologie, Heinrichstraße 78 B/DG, 8010 Graz, Austria</subfield>
            <subfield code="u">http://www-theol.uni-graz.at/cms/ziel/35287/DE</subfield>
         </datafield>
      </record>