
      <record>
         <leader>00000nz  a2200169   4500</leader>
         <controlfield tag="001">30000337</controlfield>
         <controlfield tag="003">RISM</controlfield>
         <controlfield tag="005">20160216</controlfield>
         <controlfield tag="008">160216n||az|||||||##########||||||||||||</controlfield>
         <datafield tag="040" ind1=" " ind2=" ">
            <subfield code="a">A-Gk</subfield>
         </datafield>
         <datafield tag="043" ind1=" " ind2=" ">
            <subfield code="c">XA-AT</subfield>
         </datafield>
         <datafield tag="110" ind1="2" ind2=" ">
            <subfield code="a">Universität für Musik und darstellende Kunst (KUG), Bibliothek</subfield>
            <subfield code="c">Graz</subfield>
            <subfield code="g">A-Gk</subfield>
         </datafield>
         <datafield tag="410" ind1="2" ind2=" ">
            <subfield code="a">Akademie für Musik und Darstellende Kunst</subfield>
         </datafield>
         <datafield tag="410" ind1="2" ind2=" ">
            <subfield code="a">Steiermärkisches Landeskonservatorium</subfield>
         </datafield>
         <datafield tag="410" ind1="2" ind2=" ">
            <subfield code="a">Hochschule für Musik und Darstellende Kunst und Landesmusikschule</subfield>
         </datafield>
         <datafield tag="622" ind1=" " ind2=" ">
            <subfield code="e">Universität für Musik und darstellende,  Kunst (KUG), Bibliothek, Brandhofgasse 17-19, 8010 Graz, Austria</subfield>
            <subfield code="u">http://www.kug.ac.at</subfield>
         </datafield>
      </record>