
      <record>
         <leader>00000nz  a2200169   4500</leader>
         <controlfield tag="001">30000338</controlfield>
         <controlfield tag="003">RISM</controlfield>
         <controlfield tag="005">20160216</controlfield>
         <controlfield tag="008">160216n||az|||||||##########||||||||||||</controlfield>
         <datafield tag="040" ind1=" " ind2=" ">
            <subfield code="a">A-Gl</subfield>
         </datafield>
         <datafield tag="043" ind1=" " ind2=" ">
            <subfield code="c">XA-AT</subfield>
         </datafield>
         <datafield tag="110" ind1="2" ind2=" ">
            <subfield code="a">Steiermärkische Landesbibliothek</subfield>
            <subfield code="c">Graz</subfield>
            <subfield code="g">A-Gl</subfield>
         </datafield>
         <datafield tag="622" ind1=" " ind2=" ">
            <subfield code="e">Steiermärkische Landesbibliothek, Karmeliterplatz 3, 8010 Graz, Austria</subfield>
            <subfield code="u">http://www.verwaltung.steiermark.at/cms/ziel/22432/DE/</subfield>
         </datafield>
      </record>