
      <record>
         <leader>00000nz  a2200169   4500</leader>
         <controlfield tag="001">30002576</controlfield>
         <controlfield tag="003">RISM</controlfield>
         <controlfield tag="005">20160216</controlfield>
         <controlfield tag="008">160216n||az|||||||##########||||||||||||</controlfield>
         <datafield tag="040" ind1=" " ind2=" ">
            <subfield code="a">A-GM</subfield>
         </datafield>
         <datafield tag="043" ind1=" " ind2=" ">
            <subfield code="c">XA-AT</subfield>
         </datafield>
         <datafield tag="110" ind1="2" ind2=" ">
            <subfield code="a">Pfarrarchiv</subfield>
            <subfield code="c">Gmünd</subfield>
            <subfield code="g">A-GM</subfield>
         </datafield>
         <datafield tag="622" ind1=" " ind2=" ">
            <subfield code="e">Pfarrarchiv, Kirchgasse 36, 9853 Gmünd, Austria</subfield>
            <subfield code="u">http://www.kath-kirche-kaernten.at/pfarren/pfarrdetail/C2995/pfarrkirche_mariae_himmelfahrt/</subfield>
         </datafield>
      </record>