
      <record>
         <leader>00000nz  a2200169   4500</leader>
         <controlfield tag="001">30000339</controlfield>
         <controlfield tag="003">RISM</controlfield>
         <controlfield tag="005">20160216</controlfield>
         <controlfield tag="008">160216n||az|||||||##########||||||||||||</controlfield>
         <datafield tag="040" ind1=" " ind2=" ">
            <subfield code="a">A-Gmi</subfield>
         </datafield>
         <datafield tag="043" ind1=" " ind2=" ">
            <subfield code="c">XA-AT</subfield>
         </datafield>
         <datafield tag="110" ind1="2" ind2=" ">
            <subfield code="a">Musikwissenschaftliches Institut der Karl-Franzens-Universität</subfield>
            <subfield code="c">Graz</subfield>
            <subfield code="g">A-Gmi</subfield>
         </datafield>
         <datafield tag="622" ind1=" " ind2=" ">
            <subfield code="e">Musikwissenschaftliches Institut der,  Karl-Franzens-Universität, Mozartgasse 3, 8010 Graz, Austria</subfield>
            <subfield code="u">http://www.uni-graz.at/muwi/</subfield>
         </datafield>
      </record>