
      <record>
         <leader>00000nz  a2200169   4500</leader>
         <controlfield tag="001">30076505</controlfield>
         <controlfield tag="003">RISM</controlfield>
         <controlfield tag="005">20160216</controlfield>
         <controlfield tag="008">160216n||az|||||||##########||||||||||||</controlfield>
         <datafield tag="040" ind1=" " ind2=" ">
            <subfield code="a">A-Gms</subfield>
         </datafield>
         <datafield tag="043" ind1=" " ind2=" ">
            <subfield code="c">XA-AT-6</subfield>
         </datafield>
         <datafield tag="110" ind1="2" ind2=" ">
            <subfield code="a">Musikverein für Steiermark, Musikarchiv</subfield>
            <subfield code="c">Graz</subfield>
            <subfield code="g">A-Gms</subfield>
         </datafield>
         <datafield tag="622" ind1=" " ind2=" ">
            <subfield code="e">Musikverein für Steiermark, Musikarchiv, Landhausgasse 12, 8010 Graz, Austria</subfield>
            <subfield code="u">http://www.musikverein-graz.at</subfield>
         </datafield>
      </record>