
      <record>
         <leader>00000nz  a2200169   4500</leader>
         <controlfield tag="001">30000269</controlfield>
         <controlfield tag="003">RISM</controlfield>
         <controlfield tag="005">20160216</controlfield>
         <controlfield tag="008">160216n||az|||||||##########||||||||||||</controlfield>
         <datafield tag="040" ind1=" " ind2=" ">
            <subfield code="a">A-GMUp</subfield>
         </datafield>
         <datafield tag="043" ind1=" " ind2=" ">
            <subfield code="c">XA-AT</subfield>
         </datafield>
         <datafield tag="110" ind1="2" ind2=" ">
            <subfield code="a">Stadtpfarre</subfield>
            <subfield code="c">Gmunden</subfield>
            <subfield code="g">A-GMUp</subfield>
         </datafield>
         <datafield tag="622" ind1=" " ind2=" ">
            <subfield code="e">Stadtpfarre, Kirchenplatz 5, 4810 Gmunden, Austria</subfield>
            <subfield code="u">http://www.dioezese-linz.at/pfarren/gmunden/</subfield>
         </datafield>
      </record>