
      <record>
         <leader>00000nz  a2200169   4500</leader>
         <controlfield tag="001">30000342</controlfield>
         <controlfield tag="003">RISM</controlfield>
         <controlfield tag="005">20160216</controlfield>
         <controlfield tag="008">160216n||az|||||||##########||||||||||||</controlfield>
         <datafield tag="040" ind1=" " ind2=" ">
            <subfield code="a">A-GÖ</subfield>
         </datafield>
         <datafield tag="043" ind1=" " ind2=" ">
            <subfield code="c">XA-AT</subfield>
         </datafield>
         <datafield tag="110" ind1="2" ind2=" ">
            <subfield code="a">Benediktinerabtei, Musikarchiv</subfield>
            <subfield code="c">Stift Göttweig</subfield>
            <subfield code="g">A-GÖ</subfield>
         </datafield>
         <datafield tag="410" ind1="2" ind2=" ">
            <subfield code="a">Benediktinerstift, Musikarchiv</subfield>
         </datafield>
         <datafield tag="622" ind1=" " ind2=" ">
            <subfield code="e">Benediktinerabtei, Musikarchiv, 3511 Stift Göttweig, Austria</subfield>
            <subfield code="u">http://www.stiftgoettweig.or.at/site/de/home</subfield>
         </datafield>
      </record>