
      <record>
         <leader>00000nz  a2200169   4500</leader>
         <controlfield tag="001">30080127</controlfield>
         <controlfield tag="003">RISM</controlfield>
         <controlfield tag="005">20160216</controlfield>
         <controlfield tag="008">160216n||az|||||||##########||||||||||||</controlfield>
         <datafield tag="040" ind1=" " ind2=" ">
            <subfield code="a">A-GRE</subfield>
         </datafield>
         <datafield tag="043" ind1=" " ind2=" ">
            <subfield code="c">AT</subfield>
         </datafield>
         <datafield tag="110" ind1="2" ind2=" ">
            <subfield code="a">Schloss Greillenstein</subfield>
            <subfield code="c">Röhrenbach</subfield>
            <subfield code="g">A-GRE</subfield>
         </datafield>
         <datafield tag="622" ind1=" " ind2=" ">
            <subfield code="e">Schloss Greillenstein, Greillenstein 1, 3592 Röhrenbach, Austria</subfield>
            <subfield code="u">http://www.greillenstein.at</subfield>
         </datafield>
      </record>