
      <record>
         <leader>00000nz  a2200169   4500</leader>
         <controlfield tag="001">30000343</controlfield>
         <controlfield tag="003">RISM</controlfield>
         <controlfield tag="005">20160216</controlfield>
         <controlfield tag="008">160216n||az|||||||##########||||||||||||</controlfield>
         <datafield tag="040" ind1=" " ind2=" ">
            <subfield code="a">A-GÜ</subfield>
         </datafield>
         <datafield tag="043" ind1=" " ind2=" ">
            <subfield code="c">XA-AT</subfield>
         </datafield>
         <datafield tag="110" ind1="2" ind2=" ">
            <subfield code="a">Franziskanerkloster, Bibliothek</subfield>
            <subfield code="c">Güssing</subfield>
            <subfield code="g">A-GÜ</subfield>
         </datafield>
         <datafield tag="622" ind1=" " ind2=" ">
            <subfield code="e">Franziskanerkloster, Bibliothek, Franziskanerplatz 1, 7540 Güssing, Austria</subfield>
            <subfield code="u">http://www.franziskaner.at/neuhaeuser/index.php?haus=10</subfield>
         </datafield>
      </record>