
      <record>
         <leader>00000nz  a2200169   4500</leader>
         <controlfield tag="001">30002591</controlfield>
         <controlfield tag="003">RISM</controlfield>
         <controlfield tag="005">20160216</controlfield>
         <controlfield tag="008">160216n||az|||||||##########||||||||||||</controlfield>
         <datafield tag="040" ind1=" " ind2=" ">
            <subfield code="a">A-Gvm</subfield>
         </datafield>
         <datafield tag="043" ind1=" " ind2=" ">
            <subfield code="c">XA-AT</subfield>
         </datafield>
         <datafield tag="110" ind1="2" ind2=" ">
            <subfield code="a">Volkskundemuseum</subfield>
            <subfield code="c">Graz</subfield>
            <subfield code="g">A-Gvm</subfield>
         </datafield>
         <datafield tag="622" ind1=" " ind2=" ">
            <subfield code="e">Volkskundemuseum, Paulustorgasse 11-13a, 8010 Graz, Austria</subfield>
            <subfield code="u">http://www.museum-joanneum.at/</subfield>
         </datafield>
      </record>