
      <record>
         <leader>00000nz  a2200169   4500</leader>
         <controlfield tag="001">30000344</controlfield>
         <controlfield tag="003">RISM</controlfield>
         <controlfield tag="005">20160216</controlfield>
         <controlfield tag="008">160216n||az|||||||##########||||||||||||</controlfield>
         <datafield tag="040" ind1=" " ind2=" ">
            <subfield code="a">A-H</subfield>
         </datafield>
         <datafield tag="043" ind1=" " ind2=" ">
            <subfield code="c">XA-AT</subfield>
         </datafield>
         <datafield tag="110" ind1="2" ind2=" ">
            <subfield code="a">Augustiner-Chorherrenstift, Bibliothek und Musikarchiv</subfield>
            <subfield code="c">Herzogenburg</subfield>
            <subfield code="g">A-H</subfield>
         </datafield>
         <datafield tag="622" ind1=" " ind2=" ">
            <subfield code="e">Augustiner-Chorherrenstift, Bibliothek,  und Musikarchiv, Prandtauerring 2, 3130 Herzogenburg, Austria</subfield>
            <subfield code="u">http://www.stift-herzogenburg.at/index.php</subfield>
         </datafield>
      </record>