
      <record>
         <leader>00000nz  a2200169   4500</leader>
         <controlfield tag="001">30003837</controlfield>
         <controlfield tag="003">RISM</controlfield>
         <controlfield tag="005">20160216</controlfield>
         <controlfield tag="008">160216n||az|||||||##########||||||||||||</controlfield>
         <datafield tag="040" ind1=" " ind2=" ">
            <subfield code="a">A-HA</subfield>
         </datafield>
         <datafield tag="043" ind1=" " ind2=" ">
            <subfield code="c">XA-AT</subfield>
         </datafield>
         <datafield tag="110" ind1="2" ind2=" ">
            <subfield code="a">Pfarre</subfield>
            <subfield code="c">Haitzendorf</subfield>
            <subfield code="g">A-HA</subfield>
         </datafield>
         <datafield tag="410" ind1="2" ind2=" ">
            <subfield code="a">Röm.-kath. Pfarrkirche Haitzendorf zum Hl. Ulrich</subfield>
         </datafield>
         <datafield tag="622" ind1=" " ind2=" ">
            <subfield code="e">Pfarre, Kirchenplatz 9, 3485 Haitzendorf (Grafenegg), Austria</subfield>
         </datafield>
      </record>