
      <record>
         <leader>00000nz  a2200169   4500</leader>
         <controlfield tag="001">30006486</controlfield>
         <controlfield tag="003">RISM</controlfield>
         <controlfield tag="005">20160216</controlfield>
         <controlfield tag="008">160216n||az|||||||##########||||||||||||</controlfield>
         <datafield tag="040" ind1=" " ind2=" ">
            <subfield code="a">A-HALdengg</subfield>
         </datafield>
         <datafield tag="043" ind1=" " ind2=" ">
            <subfield code="c">XA-AT</subfield>
         </datafield>
         <datafield tag="110" ind1="2" ind2=" ">
            <subfield code="a">Privatsammlung Dr. Christian Dengg</subfield>
            <subfield code="c">Hall in Tirol</subfield>
            <subfield code="g">A-HALdengg</subfield>
         </datafield>
         <datafield tag="622" ind1=" " ind2=" ">
            <subfield code="e">Privatsammlung Dr. Christian Dengg, Thurnfeldgasse 4a, 6060 Hall in Tirol, Austria</subfield>
         </datafield>
      </record>