
      <record>
         <leader>00000nz  a2200169   4500</leader>
         <controlfield tag="001">30000382</controlfield>
         <controlfield tag="003">RISM</controlfield>
         <controlfield tag="005">20160216</controlfield>
         <controlfield tag="008">160216n||az|||||||##########||||||||||||</controlfield>
         <datafield tag="040" ind1=" " ind2=" ">
            <subfield code="a">A-HALf</subfield>
         </datafield>
         <datafield tag="043" ind1=" " ind2=" ">
            <subfield code="c">XA-AT</subfield>
         </datafield>
         <datafield tag="110" ind1="2" ind2=" ">
            <subfield code="a">Franziskanerkloster, Archiv der Tiroler Franziskanerprovinz</subfield>
            <subfield code="c">Hall in Tirol</subfield>
            <subfield code="g">A-HALf</subfield>
         </datafield>
         <datafield tag="410" ind1="2" ind2=" ">
            <subfield code="a">Franziskaner-Kloster, Archiv und Bibliothek</subfield>
         </datafield>
         <datafield tag="622" ind1=" " ind2=" ">
            <subfield code="e">Franziskanerkloster, Archiv der Tiroler, Franziskanerprovinz, Stadtgraben 7, 6060 Hall in Tirol, Austria</subfield>
            <subfield code="u">http://franziskaner.members.cablelink.at/provinzarchiv/index.html</subfield>
         </datafield>
      </record>