
      <record>
         <leader>00000nz  a2200169   4500</leader>
         <controlfield tag="001">30079259</controlfield>
         <controlfield tag="003">RISM</controlfield>
         <controlfield tag="005">20160216</controlfield>
         <controlfield tag="008">160216n||az|||||||##########||||||||||||</controlfield>
         <datafield tag="040" ind1=" " ind2=" ">
            <subfield code="a">A-HAR</subfield>
         </datafield>
         <datafield tag="043" ind1=" " ind2=" ">
            <subfield code="c">AT</subfield>
         </datafield>
         <datafield tag="110" ind1="2" ind2=" ">
            <subfield code="a">Pfarre Hartkirchen, Archiv</subfield>
            <subfield code="c">Hartkirchen</subfield>
            <subfield code="g">A-HAR</subfield>
         </datafield>
         <datafield tag="622" ind1=" " ind2=" ">
            <subfield code="e">Pfarre Hartkirchen, Archiv, Dekanat Eferding, Pfarrgasse 1, 4081 Hartkirchen, Austria</subfield>
            <subfield code="u">http://pfarre-hartkirchen.dioezese-linz.at/index.php?section=home</subfield>
         </datafield>
      </record>