
      <record>
         <leader>00000nz  a2200169   4500</leader>
         <controlfield tag="001">30000285</controlfield>
         <controlfield tag="003">RISM</controlfield>
         <controlfield tag="005">20160216</controlfield>
         <controlfield tag="008">160216n||az|||||||##########||||||||||||</controlfield>
         <datafield tag="040" ind1=" " ind2=" ">
            <subfield code="a">A-HE</subfield>
         </datafield>
         <datafield tag="043" ind1=" " ind2=" ">
            <subfield code="c">XA-AT</subfield>
         </datafield>
         <datafield tag="110" ind1="2" ind2=" ">
            <subfield code="a">Musikarchiv des Zisterzienserstiftes</subfield>
            <subfield code="c">Heiligenkreuz im Wienerwald</subfield>
            <subfield code="g">A-HE</subfield>
         </datafield>
         <datafield tag="410" ind1="2" ind2=" ">
            <subfield code="a">Bibliothek des Zisterzienserstifts</subfield>
         </datafield>
         <datafield tag="622" ind1=" " ind2=" ">
            <subfield code="e">Musikarchiv des Zisterzienserstiftes, 2532 Heiligenkreuz im Wienerwald, Austria</subfield>
            <subfield code="u">http://www.stift-heiligenkreuz.org/</subfield>
         </datafield>
      </record>