
      <record>
         <leader>00000nz  a2200169   4500</leader>
         <controlfield tag="001">30079515</controlfield>
         <controlfield tag="003">RISM</controlfield>
         <controlfield tag="005">20160216</controlfield>
         <controlfield tag="008">160216n||az|||||||##########||||||||||||</controlfield>
         <datafield tag="040" ind1=" " ind2=" ">
            <subfield code="a">A-HOH</subfield>
         </datafield>
         <datafield tag="043" ind1=" " ind2=" ">
            <subfield code="c">AT</subfield>
         </datafield>
         <datafield tag="110" ind1="2" ind2=" ">
            <subfield code="a">Zisterzienserinnenabtei Mariastern-Gwiggen</subfield>
            <subfield code="c">Hohenweiler</subfield>
            <subfield code="g">A-HOH</subfield>
         </datafield>
         <datafield tag="622" ind1=" " ind2=" ">
            <subfield code="e">Zisterzienserinnenabtei,  Mariastern-Gwiggen, Gwiggen 1, 6914 Hohenweiler, Austria</subfield>
            <subfield code="u">http://www.mariastern-gwiggen.at/</subfield>
         </datafield>
      </record>