
      <record>
         <leader>00000nz  a2200169   4500</leader>
         <controlfield tag="001">30077962</controlfield>
         <controlfield tag="003">RISM</controlfield>
         <controlfield tag="005">20160216</controlfield>
         <controlfield tag="008">160216n||az|||||||##########||||||||||||</controlfield>
         <datafield tag="040" ind1=" " ind2=" ">
            <subfield code="a">A-HSm</subfield>
         </datafield>
         <datafield tag="043" ind1=" " ind2=" ">
            <subfield code="c">AT</subfield>
         </datafield>
         <datafield tag="110" ind1="2" ind2=" ">
            <subfield code="a">Museum</subfield>
            <subfield code="c">Hallstatt</subfield>
            <subfield code="g">A-HSm</subfield>
         </datafield>
         <datafield tag="622" ind1=" " ind2=" ">
            <subfield code="e">Museum, Seestraße 56, 4830 Hallstatt, Austria</subfield>
            <subfield code="u">http://www.museum-hallstatt.at/index.html</subfield>
         </datafield>
      </record>