
      <record>
         <leader>00000nz  a2200169   4500</leader>
         <controlfield tag="001">30070137</controlfield>
         <controlfield tag="003">RISM</controlfield>
         <controlfield tag="005">20160216</controlfield>
         <controlfield tag="008">160216n||az|||||||##########||||||||||||</controlfield>
         <datafield tag="040" ind1=" " ind2=" ">
            <subfield code="a">A-Iitmf</subfield>
         </datafield>
         <datafield tag="043" ind1=" " ind2=" ">
            <subfield code="c">XA-AT</subfield>
            <subfield code="c">XA-AT-7</subfield>
         </datafield>
         <datafield tag="110" ind1="2" ind2=" ">
            <subfield code="a">Institut für Tiroler Musikforschung</subfield>
            <subfield code="c">Innsbruck</subfield>
            <subfield code="g">A-Iitmf</subfield>
         </datafield>
         <datafield tag="410" ind1="2" ind2=" ">
            <subfield code="a">RISM Landesleitung Tirol-Südtirol &amp; OFM Austria</subfield>
         </datafield>
         <datafield tag="622" ind1=" " ind2=" ">
            <subfield code="e">Institut für Tiroler Musikforschung, Rumer Str. 51d, 6063 Innsbruck / Post Rum, Austria</subfield>
            <subfield code="u">http://www.musikland-tirol.at/</subfield>
         </datafield>
      </record>