
      <record>
         <leader>00000nz  a2200169   4500</leader>
         <controlfield tag="001">30000345</controlfield>
         <controlfield tag="003">RISM</controlfield>
         <controlfield tag="005">20160216</controlfield>
         <controlfield tag="008">160216n||az|||||||##########||||||||||||</controlfield>
         <datafield tag="040" ind1=" " ind2=" ">
            <subfield code="a">A-Ik</subfield>
         </datafield>
         <datafield tag="043" ind1=" " ind2=" ">
            <subfield code="c">XA-AT</subfield>
         </datafield>
         <datafield tag="110" ind1="2" ind2=" ">
            <subfield code="a">Tiroler Landeskonservatorium, Bibliothek</subfield>
            <subfield code="c">Innsbruck</subfield>
            <subfield code="g">A-Ik</subfield>
         </datafield>
         <datafield tag="622" ind1=" " ind2=" ">
            <subfield code="e">Tiroler Landeskonservatorium, Bibliothek, Zimmer 109, Meranerstr. 5, 6020 Innsbruck, Austria</subfield>
            <subfield code="u">http://www.konstirol.at/bibliothek/</subfield>
         </datafield>
      </record>