
      <record>
         <leader>00000nz  a2200169   4500</leader>
         <controlfield tag="001">30002593</controlfield>
         <controlfield tag="003">RISM</controlfield>
         <controlfield tag="005">20160216</controlfield>
         <controlfield tag="008">160216n||az|||||||##########||||||||||||</controlfield>
         <datafield tag="040" ind1=" " ind2=" ">
            <subfield code="a">A-IM</subfield>
         </datafield>
         <datafield tag="043" ind1=" " ind2=" ">
            <subfield code="c">XA-AT</subfield>
         </datafield>
         <datafield tag="110" ind1="2" ind2=" ">
            <subfield code="a">Bibliothek des Kapuzinerklosters</subfield>
            <subfield code="c">Imst</subfield>
            <subfield code="g">A-IM</subfield>
         </datafield>
         <datafield tag="622" ind1=" " ind2=" ">
            <subfield code="e">Bibliothek des Kapuzinerklosters, Dr. C. Pfeiffenbergerstr. 13, 6460 Imst, Austria</subfield>
            <subfield code="u">http://www.kapuziner.org/oprov/orte/imst/aktuelles/index.php</subfield>
         </datafield>
      </record>