
      <record>
         <leader>00000nz  a2200169   4500</leader>
         <controlfield tag="001">30076662</controlfield>
         <controlfield tag="003">RISM</controlfield>
         <controlfield tag="005">20160216</controlfield>
         <controlfield tag="008">160216n||az|||||||##########||||||||||||</controlfield>
         <datafield tag="040" ind1=" " ind2=" ">
            <subfield code="a">A-Itva</subfield>
         </datafield>
         <datafield tag="043" ind1=" " ind2=" ">
            <subfield code="c">XA-AT</subfield>
            <subfield code="c">XA-AT-7</subfield>
         </datafield>
         <datafield tag="110" ind1="2" ind2=" ">
            <subfield code="a">Tiroler Volksliedarchiv</subfield>
            <subfield code="c">Innsbruck</subfield>
            <subfield code="g">A-Itva</subfield>
         </datafield>
         <datafield tag="410" ind1="2" ind2=" ">
            <subfield code="a">Tiroler Volksliedwerk</subfield>
         </datafield>
         <datafield tag="622" ind1=" " ind2=" ">
            <subfield code="e">Tiroler Volksliedarchiv, Feldstraße 11a, 6020 Innsbruck, Austria</subfield>
            <subfield code="u">http://www.volkslied.at/</subfield>
         </datafield>
      </record>