
      <record>
         <leader>00000nz  a2200169   4500</leader>
         <controlfield tag="001">30000349</controlfield>
         <controlfield tag="003">RISM</controlfield>
         <controlfield tag="005">20160216</controlfield>
         <controlfield tag="008">160216n||az|||||||##########||||||||||||</controlfield>
         <datafield tag="040" ind1=" " ind2=" ">
            <subfield code="a">A-Iw</subfield>
         </datafield>
         <datafield tag="043" ind1=" " ind2=" ">
            <subfield code="c">XA-AT</subfield>
         </datafield>
         <datafield tag="110" ind1="2" ind2=" ">
            <subfield code="a">Prämonstratenser-Chorherrenstift Wilten, Archiv und Bibliothek</subfield>
            <subfield code="c">Innsbruck</subfield>
            <subfield code="g">A-Iw</subfield>
         </datafield>
         <datafield tag="410" ind1="2" ind2=" ">
            <subfield code="a">Stift Wilten</subfield>
         </datafield>
         <datafield tag="622" ind1=" " ind2=" ">
            <subfield code="e">Prämonstratenser-Chorherrenstift Wilten,,  Archiv und Bibliothek, Klostergasse 7, 6020 Innsbruck, Austria</subfield>
            <subfield code="u">http://www.stift-wilten.at/index.php</subfield>
         </datafield>
      </record>