
      <record>
         <leader>00000nz  a2200169   4500</leader>
         <controlfield tag="001">30006175</controlfield>
         <controlfield tag="003">RISM</controlfield>
         <controlfield tag="005">20160216</controlfield>
         <controlfield tag="008">160216n||az|||||||##########||||||||||||</controlfield>
         <datafield tag="040" ind1=" " ind2=" ">
            <subfield code="a">A-Jk</subfield>
         </datafield>
         <datafield tag="043" ind1=" " ind2=" ">
            <subfield code="c">XA-AT</subfield>
         </datafield>
         <datafield tag="110" ind1="2" ind2=" ">
            <subfield code="a">Pfarrkirche, Musikarchiv</subfield>
            <subfield code="c">Jochberg</subfield>
            <subfield code="g">A-Jk</subfield>
         </datafield>
         <datafield tag="622" ind1=" " ind2=" ">
            <subfield code="e">Pfarrkirche, Musikarchiv, 6373 Jochberg, Austria</subfield>
            <subfield code="u">http://www.kirchen.net/pfarre-aurach-jochberg/page.asp?id=19667</subfield>
         </datafield>
      </record>