
      <record>
         <leader>00000nz  a2200169   4500</leader>
         <controlfield tag="001">30006239</controlfield>
         <controlfield tag="003">RISM</controlfield>
         <controlfield tag="005">20160216</controlfield>
         <controlfield tag="008">160216n||az|||||||##########||||||||||||</controlfield>
         <datafield tag="040" ind1=" " ind2=" ">
            <subfield code="a">A-KIs</subfield>
         </datafield>
         <datafield tag="043" ind1=" " ind2=" ">
            <subfield code="c">XA-AT</subfield>
         </datafield>
         <datafield tag="110" ind1="2" ind2=" ">
            <subfield code="a">Stadtarchiv Kitzbühel</subfield>
            <subfield code="c">Kitzbühel</subfield>
            <subfield code="g">A-KIs</subfield>
         </datafield>
         <datafield tag="622" ind1=" " ind2=" ">
            <subfield code="e">Stadtarchiv Kitzbühel, Kirchgasse 2, 6370 Kitzbühel, Austria</subfield>
            <subfield code="u">http://www.kitzbuehel.eu/system/web/gemeindebetrieb.aspx?bezirkonr=0&amp;detailonr=217438950&amp;</subfield>
         </datafield>
      </record>