
      <record>
         <leader>00000nz  a2200169   4500</leader>
         <controlfield tag="001">30077207</controlfield>
         <controlfield tag="003">RISM</controlfield>
         <controlfield tag="005">20160216</controlfield>
         <controlfield tag="008">160216n||az|||||||##########||||||||||||</controlfield>
         <datafield tag="040" ind1=" " ind2=" ">
            <subfield code="a">A-Klmk</subfield>
         </datafield>
         <datafield tag="043" ind1=" " ind2=" ">
            <subfield code="c">XA-AT</subfield>
         </datafield>
         <datafield tag="110" ind1="2" ind2=" ">
            <subfield code="a">Landesmuseum Kärnten, Abteilung für Musikinstrumente und Musikalien</subfield>
            <subfield code="c">Klagenfurt</subfield>
            <subfield code="g">A-Klmk</subfield>
         </datafield>
         <datafield tag="622" ind1=" " ind2=" ">
            <subfield code="e">Landesmuseum Kärnten, Abteilung für, Musikinstrumente und Musikalien, Museumgasse 2, 9021 Klagenfurt, Austria</subfield>
            <subfield code="u">http://www.landesmuseum-ktn.at/Landesmuseen/landesmuseenfr.html</subfield>
         </datafield>
      </record>