
      <record>
         <leader>00000nz  a2200169   4500</leader>
         <controlfield tag="001">30000351</controlfield>
         <controlfield tag="003">RISM</controlfield>
         <controlfield tag="005">20160216</controlfield>
         <controlfield tag="008">160216n||az|||||||##########||||||||||||</controlfield>
         <datafield tag="040" ind1=" " ind2=" ">
            <subfield code="a">A-KN</subfield>
         </datafield>
         <datafield tag="043" ind1=" " ind2=" ">
            <subfield code="c">XA-AT</subfield>
         </datafield>
         <datafield tag="110" ind1="2" ind2=" ">
            <subfield code="a">Augustiner-Chorherrenstift, Bibliothek</subfield>
            <subfield code="c">Klosterneuburg</subfield>
            <subfield code="g">A-KN</subfield>
         </datafield>
         <datafield tag="410" ind1="2" ind2=" ">
            <subfield code="a">Stift Klosterneuburg</subfield>
         </datafield>
         <datafield tag="622" ind1=" " ind2=" ">
            <subfield code="e">Augustiner-Chorherrenstift, Bibliothek, Stiftsplatz 1, 3400 Klosterneuburg, Austria</subfield>
            <subfield code="u">http://www.stift-klosterneuburg.at/kultur/geschichte-kunst/stiftsbibliothek/</subfield>
         </datafield>
      </record>