
      <record>
         <leader>00000nz  a2200169   4500</leader>
         <controlfield tag="001">30076620</controlfield>
         <controlfield tag="003">RISM</controlfield>
         <controlfield tag="005">20160216</controlfield>
         <controlfield tag="008">160216n||az|||||||##########||||||||||||</controlfield>
         <datafield tag="040" ind1=" " ind2=" ">
            <subfield code="a">A-KRB</subfield>
         </datafield>
         <datafield tag="043" ind1=" " ind2=" ">
            <subfield code="c">XA-AT-4</subfield>
         </datafield>
         <datafield tag="110" ind1="2" ind2=" ">
            <subfield code="a">Pfarre Krenglbach, Pfarrarchiv</subfield>
            <subfield code="c">Krenglbach</subfield>
            <subfield code="g">A-KRB</subfield>
         </datafield>
         <datafield tag="622" ind1=" " ind2=" ">
            <subfield code="e">Pfarre Krenglbach, Pfarrarchiv, Krenglbacher Straße 17, 4631 Krenglbach, Austria</subfield>
            <subfield code="u">http://www.dioezese-linz.at/pfarren/krenglbach/</subfield>
         </datafield>
      </record>