
      <record>
         <leader>00000nz  a2200169   4500</leader>
         <controlfield tag="001">30002580</controlfield>
         <controlfield tag="003">RISM</controlfield>
         <controlfield tag="005">20160216</controlfield>
         <controlfield tag="008">160216n||az|||||||##########||||||||||||</controlfield>
         <datafield tag="040" ind1=" " ind2=" ">
            <subfield code="a">A-Ks</subfield>
         </datafield>
         <datafield tag="043" ind1=" " ind2=" ">
            <subfield code="c">XA-AT</subfield>
         </datafield>
         <datafield tag="110" ind1="2" ind2=" ">
            <subfield code="a">Studienbibliothek (Universitätsbibliothek)</subfield>
            <subfield code="c">Klagenfurt</subfield>
            <subfield code="g">A-Ks</subfield>
         </datafield>
         <datafield tag="622" ind1=" " ind2=" ">
            <subfield code="e">Studienbibliothek,  (Universitätsbibliothek), Universitätsstraße 65-67, 9020 Klagenfurt, Austria</subfield>
            <subfield code="u">http://www.uni-klu.ac.at/ub</subfield>
         </datafield>
      </record>