
      <record>
         <leader>00000nz  a2200169   4500</leader>
         <controlfield tag="001">30000350</controlfield>
         <controlfield tag="003">RISM</controlfield>
         <controlfield tag="005">20160216</controlfield>
         <controlfield tag="008">160216n||az|||||||##########||||||||||||</controlfield>
         <datafield tag="040" ind1=" " ind2=" ">
            <subfield code="a">A-Kse</subfield>
         </datafield>
         <datafield tag="043" ind1=" " ind2=" ">
            <subfield code="c">XA-AT</subfield>
         </datafield>
         <datafield tag="110" ind1="2" ind2=" ">
            <subfield code="a">Schlossbibliothek</subfield>
            <subfield code="c">Ebenthal in Kärnten</subfield>
            <subfield code="g">A-Kse</subfield>
         </datafield>
         <datafield tag="622" ind1=" " ind2=" ">
            <subfield code="e">Schlossbibliothek, Schlossstraße 22, 9065 Ebenthal in Kärnten, Austria</subfield>
            <subfield code="u">http://www.goess-zv.at/index.html</subfield>
         </datafield>
      </record>