
      <record>
         <leader>00000nz  a2200169   4500</leader>
         <controlfield tag="001">30006400</controlfield>
         <controlfield tag="003">RISM</controlfield>
         <controlfield tag="005">20160216</controlfield>
         <controlfield tag="008">160216n||az|||||||##########||||||||||||</controlfield>
         <datafield tag="040" ind1=" " ind2=" ">
            <subfield code="a">A-KSpr</subfield>
         </datafield>
         <datafield tag="043" ind1=" " ind2=" ">
            <subfield code="c">XA-AT</subfield>
         </datafield>
         <datafield tag="110" ind1="2" ind2=" ">
            <subfield code="a">Propsteiarchiv</subfield>
            <subfield code="c">Krems an der Donau</subfield>
            <subfield code="g">A-KSpr</subfield>
         </datafield>
      </record>