
      <record>
         <leader>00000nz  a2200169   4500</leader>
         <controlfield tag="001">30006647</controlfield>
         <controlfield tag="003">RISM</controlfield>
         <controlfield tag="005">20160216</controlfield>
         <controlfield tag="008">160216n||az|||||||##########||||||||||||</controlfield>
         <datafield tag="040" ind1=" " ind2=" ">
            <subfield code="a">A-KSs</subfield>
         </datafield>
         <datafield tag="043" ind1=" " ind2=" ">
            <subfield code="c">XA-AT</subfield>
         </datafield>
         <datafield tag="110" ind1="2" ind2=" ">
            <subfield code="a">Pfarre St.Veit</subfield>
            <subfield code="c">Krems an der Donau</subfield>
            <subfield code="g">A-KSs</subfield>
         </datafield>
         <datafield tag="410" ind1="2" ind2=" ">
            <subfield code="a">Stadtpfarrkirche</subfield>
         </datafield>
         <datafield tag="410" ind1="2" ind2=" ">
            <subfield code="a">Dom der Wachau</subfield>
         </datafield>
         <datafield tag="622" ind1=" " ind2=" ">
            <subfield code="e">Pfarre St.Veit, Pfarrplatz 5, 3500 Krems an der Donau, Austria</subfield>
            <subfield code="u">http://www.domderwachau.at/</subfield>
         </datafield>
      </record>