
      <record>
         <leader>00000nz  a2200169   4500</leader>
         <controlfield tag="001">30000353</controlfield>
         <controlfield tag="003">RISM</controlfield>
         <controlfield tag="005">20160216</controlfield>
         <controlfield tag="008">160216n||az|||||||##########||||||||||||</controlfield>
         <datafield tag="040" ind1=" " ind2=" ">
            <subfield code="a">A-L</subfield>
         </datafield>
         <datafield tag="043" ind1=" " ind2=" ">
            <subfield code="c">XA-AT</subfield>
         </datafield>
         <datafield tag="110" ind1="2" ind2=" ">
            <subfield code="a">Zisterzienserstift, Musikarchiv und Bibliothek</subfield>
            <subfield code="c">Lilienfeld</subfield>
            <subfield code="g">A-L</subfield>
         </datafield>
         <datafield tag="410" ind1="2" ind2=" ">
            <subfield code="a">Bibliothek der Zisterzienserabtei</subfield>
         </datafield>
         <datafield tag="622" ind1=" " ind2=" ">
            <subfield code="e">Zisterzienserstift, Musikarchiv und,  Bibliothek, Klosterrotte 1, 3180 Lilienfeld, Austria</subfield>
            <subfield code="u">http://www.stift-lilienfeld.at/</subfield>
         </datafield>
      </record>