
      <record>
         <leader>00000nz  a2200169   4500</leader>
         <controlfield tag="001">30000355</controlfield>
         <controlfield tag="003">RISM</controlfield>
         <controlfield tag="005">20160216</controlfield>
         <controlfield tag="008">160216n||az|||||||##########||||||||||||</controlfield>
         <datafield tag="040" ind1=" " ind2=" ">
            <subfield code="a">A-LEx</subfield>
         </datafield>
         <datafield tag="043" ind1=" " ind2=" ">
            <subfield code="c">XA-AT</subfield>
         </datafield>
         <datafield tag="110" ind1="2" ind2=" ">
            <subfield code="a">Pfarrbibliothek St. Xaver</subfield>
            <subfield code="c">Leoben</subfield>
            <subfield code="g">A-LEx</subfield>
         </datafield>
         <datafield tag="622" ind1=" " ind2=" ">
            <subfield code="e">Pfarrbibliothek St. Xaver, Kirchplatz 1, 8700 Leoben, Austria</subfield>
            <subfield code="u">http://www.stadtpfarre-leoben.at/</subfield>
         </datafield>
      </record>