
      <record>
         <leader>00000nz  a2200169   4500</leader>
         <controlfield tag="001">30000357</controlfield>
         <controlfield tag="003">RISM</controlfield>
         <controlfield tag="005">20160216</controlfield>
         <controlfield tag="008">160216n||az|||||||##########||||||||||||</controlfield>
         <datafield tag="040" ind1=" " ind2=" ">
            <subfield code="a">A-LIb</subfield>
         </datafield>
         <datafield tag="043" ind1=" " ind2=" ">
            <subfield code="c">XA-AT</subfield>
         </datafield>
         <datafield tag="110" ind1="2" ind2=" ">
            <subfield code="a">Oberösterreichische Landesbibliothek</subfield>
            <subfield code="c">Linz</subfield>
            <subfield code="g">A-LIb</subfield>
         </datafield>
         <datafield tag="622" ind1=" " ind2=" ">
            <subfield code="e">Oberösterreichische Landesbibliothek, Schillerplatz 2, 4021 Linz, Austria</subfield>
            <subfield code="u">http://www.landesbibliothek.at</subfield>
         </datafield>
      </record>