
      <record>
         <leader>00000nz  a2200169   4500</leader>
         <controlfield tag="001">30080256</controlfield>
         <controlfield tag="003">RISM</controlfield>
         <controlfield tag="005">20160216</controlfield>
         <controlfield tag="008">160216n||az|||||||##########||||||||||||</controlfield>
         <datafield tag="040" ind1=" " ind2=" ">
            <subfield code="a">A-LIda</subfield>
         </datafield>
         <datafield tag="043" ind1=" " ind2=" ">
            <subfield code="c">XA-AT</subfield>
         </datafield>
         <datafield tag="110" ind1="2" ind2=" ">
            <subfield code="a">Diözesanarchiv</subfield>
            <subfield code="c">Linz</subfield>
            <subfield code="g">A-LIda</subfield>
         </datafield>
         <datafield tag="622" ind1=" " ind2=" ">
            <subfield code="e">Diözesanarchiv, Harrachstraße 7, 4020 Linz, Austria</subfield>
            <subfield code="u">http://dioezese-linzold.at/ordinariat/dioezesanarchiv/aktuelles/home.asp</subfield>
         </datafield>
      </record>