
      <record>
         <leader>00000nz  a2200169   4500</leader>
         <controlfield tag="001">30076705</controlfield>
         <controlfield tag="003">RISM</controlfield>
         <controlfield tag="005">20160216</controlfield>
         <controlfield tag="008">160216n||az|||||||##########||||||||||||</controlfield>
         <datafield tag="040" ind1=" " ind2=" ">
            <subfield code="a">A-LIkk</subfield>
         </datafield>
         <datafield tag="043" ind1=" " ind2=" ">
            <subfield code="c">XA-AT</subfield>
         </datafield>
         <datafield tag="110" ind1="2" ind2=" ">
            <subfield code="a">Konservatorium für Kirchenmusik der Diözese Linz - Musikarchiv</subfield>
            <subfield code="c">Linz</subfield>
            <subfield code="g">A-LIkk</subfield>
         </datafield>
         <datafield tag="622" ind1=" " ind2=" ">
            <subfield code="e">Konservatorium für Kirchenmusik der, Diözese Linz - Musikarchiv, Petrinumstraße 12, 4040 Linz, Austria</subfield>
            <subfield code="u">http://www.kons-linz.at/</subfield>
         </datafield>
      </record>