
      <record>
         <leader>00000nz  a2200169   4500</leader>
         <controlfield tag="001">30000356</controlfield>
         <controlfield tag="003">RISM</controlfield>
         <controlfield tag="005">20160216</controlfield>
         <controlfield tag="008">160216n||az|||||||##########||||||||||||</controlfield>
         <datafield tag="040" ind1=" " ind2=" ">
            <subfield code="a">A-LIm</subfield>
         </datafield>
         <datafield tag="043" ind1=" " ind2=" ">
            <subfield code="c">XA-AT</subfield>
         </datafield>
         <datafield tag="110" ind1="2" ind2=" ">
            <subfield code="a">Oberösterreichisches Landesmuseum</subfield>
            <subfield code="c">Linz</subfield>
            <subfield code="g">A-LIm</subfield>
         </datafield>
         <datafield tag="410" ind1="2" ind2=" ">
            <subfield code="a">Museum Francisco-Carolinum</subfield>
         </datafield>
         <datafield tag="622" ind1=" " ind2=" ">
            <subfield code="e">Oberösterreichisches Landesmuseum, Museumstraße 14, 4010 Linz, Austria</subfield>
            <subfield code="u">http://www.landesmuseum.at</subfield>
         </datafield>
      </record>