
      <record>
         <leader>00000nz  a2200169   4500</leader>
         <controlfield tag="001">30080257</controlfield>
         <controlfield tag="003">RISM</controlfield>
         <controlfield tag="005">20160216</controlfield>
         <controlfield tag="008">160216n||az|||||||##########||||||||||||</controlfield>
         <datafield tag="040" ind1=" " ind2=" ">
            <subfield code="a">A-LIsa</subfield>
         </datafield>
         <datafield tag="043" ind1=" " ind2=" ">
            <subfield code="c">AT</subfield>
         </datafield>
         <datafield tag="110" ind1="2" ind2=" ">
            <subfield code="a">Archiv der Stadt Linz</subfield>
            <subfield code="c">Linz</subfield>
            <subfield code="g">A-LIsa</subfield>
         </datafield>
         <datafield tag="622" ind1=" " ind2=" ">
            <subfield code="e">Archiv der Stadt Linz, Hauptstraße 1-5, 4041 Linz, Austria</subfield>
            <subfield code="u">http://www.linz.at/geschichte/de/1054.asp</subfield>
         </datafield>
      </record>