
      <record>
         <leader>00000nz  a2200169   4500</leader>
         <controlfield tag="001">30000358</controlfield>
         <controlfield tag="003">RISM</controlfield>
         <controlfield tag="005">20160216</controlfield>
         <controlfield tag="008">160216n||az|||||||##########||||||||||||</controlfield>
         <datafield tag="040" ind1=" " ind2=" ">
            <subfield code="a">A-LIsm</subfield>
         </datafield>
         <datafield tag="043" ind1=" " ind2=" ">
            <subfield code="c">XA-AT</subfield>
         </datafield>
         <datafield tag="110" ind1="2" ind2=" ">
            <subfield code="a">Stadtmuseum Nordico</subfield>
            <subfield code="c">Linz</subfield>
            <subfield code="g">A-LIsm</subfield>
         </datafield>
         <datafield tag="622" ind1=" " ind2=" ">
            <subfield code="e">Stadtmuseum Nordico, Dametzstraße 23, 4020 Linz, Austria</subfield>
            <subfield code="u">http://www.nordico.at/de/</subfield>
         </datafield>
      </record>