
      <record>
         <leader>00000nz  a2200169   4500</leader>
         <controlfield tag="001">30076623</controlfield>
         <controlfield tag="003">RISM</controlfield>
         <controlfield tag="005">20160216</controlfield>
         <controlfield tag="008">160216n||az|||||||##########||||||||||||</controlfield>
         <datafield tag="040" ind1=" " ind2=" ">
            <subfield code="a">A-LOH</subfield>
         </datafield>
         <datafield tag="043" ind1=" " ind2=" ">
            <subfield code="c">XA-AT-4</subfield>
         </datafield>
         <datafield tag="110" ind1="2" ind2=" ">
            <subfield code="a">Pfarre Lohnsburg, Pfarrarchiv</subfield>
            <subfield code="c">Lohnsburg am Kobernaußerwald</subfield>
            <subfield code="g">A-LOH</subfield>
         </datafield>
         <datafield tag="622" ind1=" " ind2=" ">
            <subfield code="e">Pfarre Lohnsburg, Pfarrarchiv, Am Bäckerberg 29, 4923 Lohnsburg am Kobernaußerwald, Austria</subfield>
         </datafield>
      </record>