
      <record>
         <leader>00000nz  a2200169   4500</leader>
         <controlfield tag="001">30000359</controlfield>
         <controlfield tag="003">RISM</controlfield>
         <controlfield tag="005">20160216</controlfield>
         <controlfield tag="008">160216n||az|||||||##########||||||||||||</controlfield>
         <datafield tag="040" ind1=" " ind2=" ">
            <subfield code="a">A-M</subfield>
         </datafield>
         <datafield tag="043" ind1=" " ind2=" ">
            <subfield code="c">XA-AT</subfield>
         </datafield>
         <datafield tag="110" ind1="2" ind2=" ">
            <subfield code="a">Benediktinerstift, Stiftsbibliothek</subfield>
            <subfield code="c">Melk</subfield>
            <subfield code="g">A-M</subfield>
         </datafield>
         <datafield tag="622" ind1=" " ind2=" ">
            <subfield code="e">Benediktinerstift, Stiftsbibliothek, Abt-Berthold-Dietmayr-Straße 1, 3390 Melk, Austria</subfield>
            <subfield code="u">http://www.stiftmelk.at</subfield>
         </datafield>
      </record>