
      <record>
         <leader>00000nz  a2200169   4500</leader>
         <controlfield tag="001">30000360</controlfield>
         <controlfield tag="003">RISM</controlfield>
         <controlfield tag="005">20160216</controlfield>
         <controlfield tag="008">160216n||az|||||||##########||||||||||||</controlfield>
         <datafield tag="040" ind1=" " ind2=" ">
            <subfield code="a">A-MB</subfield>
         </datafield>
         <datafield tag="043" ind1=" " ind2=" ">
            <subfield code="c">XA-AT</subfield>
         </datafield>
         <datafield tag="110" ind1="2" ind2=" ">
            <subfield code="a">Benediktinerabtei, Bibliothek und Musikarchiv</subfield>
            <subfield code="c">Michaelbeuern</subfield>
            <subfield code="g">A-MB</subfield>
         </datafield>
         <datafield tag="622" ind1=" " ind2=" ">
            <subfield code="e">Benediktinerabtei, Bibliothek und,  Musikarchiv, 5152 Michaelbeuern 1</subfield>
            <subfield code="u">http://www.abtei-michaelbeuern.at/</subfield>
         </datafield>
      </record>