
      <record>
         <leader>00000nz  a2200169   4500</leader>
         <controlfield tag="001">30003836</controlfield>
         <controlfield tag="003">RISM</controlfield>
         <controlfield tag="005">20160216</controlfield>
         <controlfield tag="008">160216n||az|||||||##########||||||||||||</controlfield>
         <datafield tag="040" ind1=" " ind2=" ">
            <subfield code="a">A-ME</subfield>
         </datafield>
         <datafield tag="043" ind1=" " ind2=" ">
            <subfield code="c">XA-AT</subfield>
         </datafield>
         <datafield tag="110" ind1="2" ind2=" ">
            <subfield code="a">Pfarr- und Wallfahrtskirche</subfield>
            <subfield code="c">Maria Enzersdorf</subfield>
            <subfield code="g">A-ME</subfield>
         </datafield>
         <datafield tag="410" ind1="2" ind2=" ">
            <subfield code="a">Franziskanerkloster</subfield>
         </datafield>
         <datafield tag="622" ind1=" " ind2=" ">
            <subfield code="e">Pfarr- und Wallfahrtskirche, Franziskanerkloster, Haupstraße 5, 2344 Maria Enzersdorf, Austria</subfield>
            <subfield code="u">http://www.franziskaner.at/neuhaeuser/index.php?haus=19</subfield>
         </datafield>
      </record>