
      <record>
         <leader>00000nz  a2200169   4500</leader>
         <controlfield tag="001">30006646</controlfield>
         <controlfield tag="003">RISM</controlfield>
         <controlfield tag="005">20160216</controlfield>
         <controlfield tag="008">160216n||az|||||||##########||||||||||||</controlfield>
         <datafield tag="040" ind1=" " ind2=" ">
            <subfield code="a">A-MLw</subfield>
         </datafield>
         <datafield tag="043" ind1=" " ind2=" ">
            <subfield code="c">XA-AT</subfield>
         </datafield>
         <datafield tag="110" ind1="2" ind2=" ">
            <subfield code="a">Wallfahrtskirche</subfield>
            <subfield code="c">Maria Langegg</subfield>
            <subfield code="g">A-MLw</subfield>
         </datafield>
         <datafield tag="622" ind1=" " ind2=" ">
            <subfield code="e">Wallfahrtskirche, Maria Langegg 1, 3642 Aggsbach-Dorf, Austria</subfield>
            <subfield code="u">http://www.maria-langegg.kirche.at/index.html</subfield>
         </datafield>
      </record>