
      <record>
         <leader>00000nz  a2200169   4500</leader>
         <controlfield tag="001">30000361</controlfield>
         <controlfield tag="003">RISM</controlfield>
         <controlfield tag="005">20160216</controlfield>
         <controlfield tag="008">160216n||az|||||||##########||||||||||||</controlfield>
         <datafield tag="040" ind1=" " ind2=" ">
            <subfield code="a">A-MO</subfield>
         </datafield>
         <datafield tag="043" ind1=" " ind2=" ">
            <subfield code="c">XA-AT</subfield>
         </datafield>
         <datafield tag="110" ind1="2" ind2=" ">
            <subfield code="a">Pfarre Sankt Michael Mondsee</subfield>
            <subfield code="c">Mondsee</subfield>
            <subfield code="g">A-MO</subfield>
         </datafield>
         <datafield tag="622" ind1=" " ind2=" ">
            <subfield code="e">Pfarre Sankt Michael Mondsee, Kirchengasse 1, 5310 Mondsee, Austria</subfield>
            <subfield code="u">http://www.pfarre-mondsee.com/</subfield>
         </datafield>
      </record>