
      <record>
         <leader>00000nz  a2200169   4500</leader>
         <controlfield tag="001">30000362</controlfield>
         <controlfield tag="003">RISM</controlfield>
         <controlfield tag="005">20160216</controlfield>
         <controlfield tag="008">160216n||az|||||||##########||||||||||||</controlfield>
         <datafield tag="040" ind1=" " ind2=" ">
            <subfield code="a">A-MÖ</subfield>
         </datafield>
         <datafield tag="043" ind1=" " ind2=" ">
            <subfield code="c">XA-AT</subfield>
         </datafield>
         <datafield tag="110" ind1="2" ind2=" ">
            <subfield code="a">Pfarrkirche St. Othmar, Bibliothek</subfield>
            <subfield code="c">Mödling</subfield>
            <subfield code="g">A-MÖ</subfield>
         </datafield>
         <datafield tag="622" ind1=" " ind2=" ">
            <subfield code="e">Pfarrkirche St. Othmar, Bibliothek, Pfarrgasse 18, 2340 Mödling, Austria</subfield>
            <subfield code="u">http://www.othmar.at/</subfield>
         </datafield>
      </record>