
      <record>
         <leader>00000nz  a2200169   4500</leader>
         <controlfield tag="001">30000363</controlfield>
         <controlfield tag="003">RISM</controlfield>
         <controlfield tag="005">20160216</controlfield>
         <controlfield tag="008">160216n||az|||||||##########||||||||||||</controlfield>
         <datafield tag="040" ind1=" " ind2=" ">
            <subfield code="a">A-MT</subfield>
         </datafield>
         <datafield tag="043" ind1=" " ind2=" ">
            <subfield code="c">XA-AT-3</subfield>
         </datafield>
         <datafield tag="110" ind1="2" ind2=" ">
            <subfield code="a">Maria Taferl</subfield>
            <subfield code="c">Maria Taferl</subfield>
            <subfield code="g">A-MT</subfield>
         </datafield>
         <datafield tag="622" ind1=" " ind2=" ">
            <subfield code="e">Maria Taferl, Röm. Kath. Pfarramt, 3672 Maria Taferl 1, Austria</subfield>
            <subfield code="u">http://www.basilika.at</subfield>
         </datafield>
      </record>