
      <record>
         <leader>00000nz  a2200169   4500</leader>
         <controlfield tag="001">30076607</controlfield>
         <controlfield tag="003">RISM</controlfield>
         <controlfield tag="005">20160216</controlfield>
         <controlfield tag="008">160216n||az|||||||##########||||||||||||</controlfield>
         <datafield tag="040" ind1=" " ind2=" ">
            <subfield code="a">A-MÜ</subfield>
         </datafield>
         <datafield tag="043" ind1=" " ind2=" ">
            <subfield code="c">XA-AT-4</subfield>
         </datafield>
         <datafield tag="110" ind1="2" ind2=" ">
            <subfield code="a">Pfarre Münzkirchen, Pfarrarchiv</subfield>
            <subfield code="c">Münzkirchen</subfield>
            <subfield code="g">A-MÜ</subfield>
         </datafield>
         <datafield tag="622" ind1=" " ind2=" ">
            <subfield code="e">Pfarre Münzkirchen, Pfarrarchiv, Stiegl 6, 4792 Münzkirchen, Austria</subfield>
         </datafield>
      </record>