
      <record>
         <leader>00000nz  a2200169   4500</leader>
         <controlfield tag="001">30000364</controlfield>
         <controlfield tag="003">RISM</controlfield>
         <controlfield tag="005">20160216</controlfield>
         <controlfield tag="008">160216n||az|||||||##########||||||||||||</controlfield>
         <datafield tag="040" ind1=" " ind2=" ">
            <subfield code="a">A-MZ</subfield>
         </datafield>
         <datafield tag="043" ind1=" " ind2=" ">
            <subfield code="c">XA-AT</subfield>
         </datafield>
         <datafield tag="110" ind1="2" ind2=" ">
            <subfield code="a">Basilika Mariazell, Benediktiner-Superiorat, Bibliothek und Archiv</subfield>
            <subfield code="c">Mariazell</subfield>
            <subfield code="g">A-MZ</subfield>
         </datafield>
         <datafield tag="410" ind1="2" ind2=" ">
            <subfield code="a">Benediktiner-Priorat, Bibliothek und Archiv</subfield>
         </datafield>
         <datafield tag="622" ind1=" " ind2=" ">
            <subfield code="e">Basilika Mariazell,,  Benediktiner-Superiorat, Bibliothek und,  Archiv, Benedictusplatz 1, 8630 Mariazell, Austria</subfield>
            <subfield code="u">http://www.basilika-mariazell.at/</subfield>
         </datafield>
      </record>