
      <record>
         <leader>00000nz  a2200169   4500</leader>
         <controlfield tag="001">30000365</controlfield>
         <controlfield tag="003">RISM</controlfield>
         <controlfield tag="005">20160216</controlfield>
         <controlfield tag="008">160216n||az|||||||##########||||||||||||</controlfield>
         <datafield tag="040" ind1=" " ind2=" ">
            <subfield code="a">A-N</subfield>
         </datafield>
         <datafield tag="043" ind1=" " ind2=" ">
            <subfield code="c">XA-AT-6</subfield>
         </datafield>
         <datafield tag="110" ind1="2" ind2=" ">
            <subfield code="a">Pfarrarchiv</subfield>
            <subfield code="c">Neuberg an der Mürz</subfield>
            <subfield code="g">A-N</subfield>
         </datafield>
         <datafield tag="622" ind1=" " ind2=" ">
            <subfield code="e">Pfarrarchiv, Hauptstraße 24, 8692 Neuberg an der Mürz, Austria</subfield>
            <subfield code="u">http://neuberg.graz-seckau.at/neuberg?a/</subfield>
         </datafield>
      </record>