
      <record>
         <leader>00000nz  a2200169   4500</leader>
         <controlfield tag="001">30076359</controlfield>
         <controlfield tag="003">RISM</controlfield>
         <controlfield tag="005">20160216</controlfield>
         <controlfield tag="008">160216n||az|||||||##########||||||||||||</controlfield>
         <datafield tag="040" ind1=" " ind2=" ">
            <subfield code="a">A-PEhw</subfield>
         </datafield>
         <datafield tag="043" ind1=" " ind2=" ">
            <subfield code="c">XA-AT</subfield>
         </datafield>
         <datafield tag="110" ind1="2" ind2=" ">
            <subfield code="a">Hugo Wolf-Haus</subfield>
            <subfield code="c">Perchtoldsdorf</subfield>
            <subfield code="g">A-PEhw</subfield>
         </datafield>
         <datafield tag="410" ind1="2" ind2=" ">
            <subfield code="a">Hugo Wolf-Museum</subfield>
         </datafield>
         <datafield tag="622" ind1=" " ind2=" ">
            <subfield code="e">Hugo Wolf-Haus, Brunner Gasse 26, 2380 Perchtoldsdorf, Austria</subfield>
            <subfield code="u">http://www.hugowolf.at</subfield>
         </datafield>
      </record>