
      <record>
         <leader>00000nz  a2200169   4500</leader>
         <controlfield tag="001">30000366</controlfield>
         <controlfield tag="003">RISM</controlfield>
         <controlfield tag="005">20160216</controlfield>
         <controlfield tag="008">160216n||az|||||||##########||||||||||||</controlfield>
         <datafield tag="040" ind1=" " ind2=" ">
            <subfield code="a">A-R</subfield>
         </datafield>
         <datafield tag="043" ind1=" " ind2=" ">
            <subfield code="c">XA-AT</subfield>
         </datafield>
         <datafield tag="110" ind1="2" ind2=" ">
            <subfield code="a">Zisterzienserstift, Bibliothek</subfield>
            <subfield code="c">Rein</subfield>
            <subfield code="g">A-R</subfield>
         </datafield>
         <datafield tag="410" ind1="2" ind2=" ">
            <subfield code="a">Bibliothek der Zisterzienserabtei</subfield>
         </datafield>
         <datafield tag="622" ind1=" " ind2=" ">
            <subfield code="e">Zisterzienserstift, Bibliothek, 8103 Rein 1, Austria</subfield>
            <subfield code="u">http://www.stift-rein.at/</subfield>
         </datafield>
      </record>