
      <record>
         <leader>00000nz  a2200169   4500</leader>
         <controlfield tag="001">30077365</controlfield>
         <controlfield tag="003">RISM</controlfield>
         <controlfield tag="005">20160216</controlfield>
         <controlfield tag="008">160216n||az|||||||##########||||||||||||</controlfield>
         <datafield tag="040" ind1=" " ind2=" ">
            <subfield code="a">A-RA</subfield>
         </datafield>
         <datafield tag="043" ind1=" " ind2=" ">
            <subfield code="c">AT</subfield>
         </datafield>
         <datafield tag="110" ind1="2" ind2=" ">
            <subfield code="a">Archiv der Marktgemeinde</subfield>
            <subfield code="c">Rankweil</subfield>
            <subfield code="g">A-RA</subfield>
         </datafield>
         <datafield tag="622" ind1=" " ind2=" ">
            <subfield code="e">Archiv der Marktgemeinde, Rathaus am Marktplatz, 6830 Rankweil, Austria</subfield>
         </datafield>
      </record>