
      <record>
         <leader>00000nz  a2200169   4500</leader>
         <controlfield tag="001">30000120</controlfield>
         <controlfield tag="003">RISM</controlfield>
         <controlfield tag="005">20160216</controlfield>
         <controlfield tag="008">160216n||az|||||||##########||||||||||||</controlfield>
         <datafield tag="040" ind1=" " ind2=" ">
            <subfield code="a">A-RB</subfield>
         </datafield>
         <datafield tag="043" ind1=" " ind2=" ">
            <subfield code="c">XA-AT</subfield>
         </datafield>
         <datafield tag="110" ind1="2" ind2=" ">
            <subfield code="a">Augustiner-Chorherrenstift</subfield>
            <subfield code="c">Reichersberg</subfield>
            <subfield code="g">A-RB</subfield>
         </datafield>
         <datafield tag="410" ind1="2" ind2=" ">
            <subfield code="a">Stift Reichersberg</subfield>
         </datafield>
         <datafield tag="622" ind1=" " ind2=" ">
            <subfield code="e">Augustiner-Chorherrenstift, 4981 Reichersberg am Inn, Austria</subfield>
            <subfield code="u">http://www.stift-reichersberg.at/</subfield>
         </datafield>
      </record>