
      <record>
         <leader>00000nz  a2200169   4500</leader>
         <controlfield tag="001">30076626</controlfield>
         <controlfield tag="003">RISM</controlfield>
         <controlfield tag="005">20160216</controlfield>
         <controlfield tag="008">160216n||az|||||||##########||||||||||||</controlfield>
         <datafield tag="040" ind1=" " ind2=" ">
            <subfield code="a">A-REI</subfield>
         </datafield>
         <datafield tag="043" ind1=" " ind2=" ">
            <subfield code="c">XA-AT-4</subfield>
         </datafield>
         <datafield tag="110" ind1="2" ind2=" ">
            <subfield code="a">Pfarre Reichenthal, Pfarrarchiv</subfield>
            <subfield code="c">Reichenthal</subfield>
            <subfield code="g">A-REI</subfield>
         </datafield>
         <datafield tag="622" ind1=" " ind2=" ">
            <subfield code="e">Pfarre Reichenthal, Pfarrarchiv, Marktplatz 30, 4193 Reichenthal, Austria</subfield>
         </datafield>
      </record>