
      <record>
         <leader>00000nz  a2200169   4500</leader>
         <controlfield tag="001">30077547</controlfield>
         <controlfield tag="003">RISM</controlfield>
         <controlfield tag="005">20160216</controlfield>
         <controlfield tag="008">160216n||az|||||||##########||||||||||||</controlfield>
         <datafield tag="040" ind1=" " ind2=" ">
            <subfield code="a">A-RImiv</subfield>
         </datafield>
         <datafield tag="043" ind1=" " ind2=" ">
            <subfield code="c">AT</subfield>
         </datafield>
         <datafield tag="110" ind1="2" ind2=" ">
            <subfield code="a">Museum Innviertler Volkskundehaus</subfield>
            <subfield code="c">Ried im Innkreis</subfield>
            <subfield code="g">A-RImiv</subfield>
         </datafield>
         <datafield tag="622" ind1=" " ind2=" ">
            <subfield code="e">Museum Innviertler Volkskundehaus, Kirchenplatz 13, 4910 Ried im Innkreis, Austria</subfield>
            <subfield code="u">http://www.ried.at/system/web/sonderseite.aspx?menuonr=220739994&amp;detailonr=220739994</subfield>
         </datafield>
      </record>