
      <record>
         <leader>00000nz  a2200169   4500</leader>
         <controlfield tag="001">30076238</controlfield>
         <controlfield tag="003">RISM</controlfield>
         <controlfield tag="005">20160216</controlfield>
         <controlfield tag="008">160216n||az|||||||##########||||||||||||</controlfield>
         <datafield tag="040" ind1=" " ind2=" ">
            <subfield code="a">A-RO</subfield>
         </datafield>
         <datafield tag="043" ind1=" " ind2=" ">
            <subfield code="c">XA-AT-3</subfield>
         </datafield>
         <datafield tag="110" ind1="2" ind2=" ">
            <subfield code="a">Harrach'sche Bibliothek</subfield>
            <subfield code="c">Rohrau</subfield>
            <subfield code="g">A-RO</subfield>
         </datafield>
         <datafield tag="622" ind1=" " ind2=" ">
            <subfield code="e">Harrach'sche Bibliothek, Schloss 1, 2471 Rohrau, Austria</subfield>
            <subfield code="u">http://harrach.nwy.at</subfield>
         </datafield>
      </record>