
      <record>
         <leader>00000nz  a2200169   4500</leader>
         <controlfield tag="001">30076609</controlfield>
         <controlfield tag="003">RISM</controlfield>
         <controlfield tag="005">20160216</controlfield>
         <controlfield tag="008">160216n||az|||||||##########||||||||||||</controlfield>
         <datafield tag="040" ind1=" " ind2=" ">
            <subfield code="a">A-ROB</subfield>
         </datafield>
         <datafield tag="043" ind1=" " ind2=" ">
            <subfield code="c">XA-AT-4</subfield>
         </datafield>
         <datafield tag="110" ind1="2" ind2=" ">
            <subfield code="a">Stadtpfarre Rohrbach, Pfarrarchiv</subfield>
            <subfield code="c">Rohrbach</subfield>
            <subfield code="g">A-ROB</subfield>
         </datafield>
         <datafield tag="622" ind1=" " ind2=" ">
            <subfield code="e">Stadtpfarre Rohrbach, Pfarrarchiv, Pfarrhof, 4150 Rohrbach, Austria</subfield>
            <subfield code="u">http://www.dioezese-linz.at/pfarren/rohrbach/homepage/default.asp</subfield>
         </datafield>
      </record>