
      <record>
         <leader>00000nz  a2200169   4500</leader>
         <controlfield tag="001">30006240</controlfield>
         <controlfield tag="003">RISM</controlfield>
         <controlfield tag="005">20160216</controlfield>
         <controlfield tag="008">160216n||az|||||||##########||||||||||||</controlfield>
         <datafield tag="040" ind1=" " ind2=" ">
            <subfield code="a">A-RTgh</subfield>
         </datafield>
         <datafield tag="043" ind1=" " ind2=" ">
            <subfield code="c">XA-AT</subfield>
         </datafield>
         <datafield tag="110" ind1="2" ind2=" ">
            <subfield code="a">Grünes Haus - Museum Reutte</subfield>
            <subfield code="c">Reutte</subfield>
            <subfield code="g">A-RTgh</subfield>
         </datafield>
         <datafield tag="410" ind1="2" ind2=" ">
            <subfield code="a">Grünes Haus (Heimatmuseum der Marktgemeinde)</subfield>
         </datafield>
         <datafield tag="622" ind1=" " ind2=" ">
            <subfield code="e">Grünes Haus - Museum Reutte, Untermarkt 25, 6600 Reutte, Austria</subfield>
            <subfield code="u">http://www.museum-reutte.at</subfield>
         </datafield>
      </record>