
      <record>
         <leader>00000nz  a2200169   4500</leader>
         <controlfield tag="001">30006371</controlfield>
         <controlfield tag="003">RISM</controlfield>
         <controlfield tag="005">20160216</controlfield>
         <controlfield tag="008">160216n||az|||||||##########||||||||||||</controlfield>
         <datafield tag="040" ind1=" " ind2=" ">
            <subfield code="a">A-RZ</subfield>
         </datafield>
         <datafield tag="043" ind1=" " ind2=" ">
            <subfield code="c">XA-AT-3</subfield>
         </datafield>
         <datafield tag="110" ind1="2" ind2=" ">
            <subfield code="a">Pfarrarchiv</subfield>
            <subfield code="c">Retz</subfield>
            <subfield code="g">A-RZ</subfield>
         </datafield>
         <datafield tag="622" ind1=" " ind2=" ">
            <subfield code="e">Pfarrarchiv, Pfarrgasse 10, 2070 Retz, Austria</subfield>
            <subfield code="u">http://www.pfarre-retz.at.tt/</subfield>
         </datafield>
      </record>