
      <record>
         <leader>00000nz  a2200169   4500</leader>
         <controlfield tag="001">30061093</controlfield>
         <controlfield tag="003">RISM</controlfield>
         <controlfield tag="005">20160216</controlfield>
         <controlfield tag="008">160216n||az|||||||##########||||||||||||</controlfield>
         <datafield tag="040" ind1=" " ind2=" ">
            <subfield code="a">A-Sae</subfield>
         </datafield>
         <datafield tag="043" ind1=" " ind2=" ">
            <subfield code="c">XA-AT</subfield>
         </datafield>
         <datafield tag="110" ind1="2" ind2=" ">
            <subfield code="a">Archiv der Erzdiözese</subfield>
            <subfield code="c">Salzburg</subfield>
            <subfield code="g">A-Sae</subfield>
         </datafield>
         <datafield tag="622" ind1=" " ind2=" ">
            <subfield code="e">Archiv der Erzdiözese, Kapitelplatz 3, 5020 Salzburg, Austria</subfield>
            <subfield code="u">http://www.kirchen.net/archiv</subfield>
         </datafield>
      </record>