
      <record>
         <leader>00000nz  a2200169   4500</leader>
         <controlfield tag="001">30003225</controlfield>
         <controlfield tag="003">RISM</controlfield>
         <controlfield tag="005">20160216</controlfield>
         <controlfield tag="008">160216n||az|||||||##########||||||||||||</controlfield>
         <datafield tag="040" ind1=" " ind2=" ">
            <subfield code="a">A-SB</subfield>
         </datafield>
         <datafield tag="043" ind1=" " ind2=" ">
            <subfield code="c">XA-AT</subfield>
         </datafield>
         <datafield tag="110" ind1="2" ind2=" ">
            <subfield code="a">Zisterzienserstift</subfield>
            <subfield code="c">Schlierbach</subfield>
            <subfield code="g">A-SB</subfield>
         </datafield>
         <datafield tag="622" ind1=" " ind2=" ">
            <subfield code="e">Zisterzienserstift, Klosterstr. 1, 4553 Schlierbach, Austria</subfield>
            <subfield code="u">http://www.stift-schlierbach.at/</subfield>
         </datafield>
      </record>