
      <record>
         <leader>00000nz  a2200169   4500</leader>
         <controlfield tag="001">30000379</controlfield>
         <controlfield tag="003">RISM</controlfield>
         <controlfield tag="005">20160216</controlfield>
         <controlfield tag="008">160216n||az|||||||##########||||||||||||</controlfield>
         <datafield tag="040" ind1=" " ind2=" ">
            <subfield code="a">A-SCH</subfield>
         </datafield>
         <datafield tag="043" ind1=" " ind2=" ">
            <subfield code="c">XA-AT</subfield>
         </datafield>
         <datafield tag="110" ind1="2" ind2=" ">
            <subfield code="a">Prämonstratenser-Stift, Musiksammlung</subfield>
            <subfield code="c">Schlägl</subfield>
            <subfield code="g">A-SCH</subfield>
         </datafield>
         <datafield tag="622" ind1=" " ind2=" ">
            <subfield code="e">Prämonstratenser-Stift, Musiksammlung, Schlägl 1, 4160 Schlägl, Austria</subfield>
            <subfield code="u">http://www.stift-schlaegl.at/</subfield>
         </datafield>
      </record>