
      <record>
         <leader>00000nz  a2200169   4500</leader>
         <controlfield tag="001">30076611</controlfield>
         <controlfield tag="003">RISM</controlfield>
         <controlfield tag="005">20160216</controlfield>
         <controlfield tag="008">160216n||az|||||||##########||||||||||||</controlfield>
         <datafield tag="040" ind1=" " ind2=" ">
            <subfield code="a">A-SCHA</subfield>
         </datafield>
         <datafield tag="043" ind1=" " ind2=" ">
            <subfield code="c">XA-AT-4</subfield>
         </datafield>
         <datafield tag="110" ind1="2" ind2=" ">
            <subfield code="a">Pfarre Schörfling, Pfarrarchiv</subfield>
            <subfield code="c">Schörfling am Attersee</subfield>
            <subfield code="g">A-SCHA</subfield>
         </datafield>
         <datafield tag="622" ind1=" " ind2=" ">
            <subfield code="e">Pfarre Schörfling, Pfarrarchiv, Kirchengasse 2, 4861 Schörfling am Attersee, Austria</subfield>
            <subfield code="u">http://www.pfarre-schoerfling.at/index.php</subfield>
         </datafield>
      </record>