
      <record>
         <leader>00000nz  a2200169   4500</leader>
         <controlfield tag="001">30076613</controlfield>
         <controlfield tag="003">RISM</controlfield>
         <controlfield tag="005">20160216</controlfield>
         <controlfield tag="008">160216n||az|||||||##########||||||||||||</controlfield>
         <datafield tag="040" ind1=" " ind2=" ">
            <subfield code="a">A-SCHW</subfield>
         </datafield>
         <datafield tag="043" ind1=" " ind2=" ">
            <subfield code="c">XA-AT-4</subfield>
         </datafield>
         <datafield tag="110" ind1="2" ind2=" ">
            <subfield code="a">Stadtpfarre Schwanenstadt, Pfarrarchiv</subfield>
            <subfield code="c">Schwanenstadt</subfield>
            <subfield code="g">A-SCHW</subfield>
         </datafield>
         <datafield tag="622" ind1=" " ind2=" ">
            <subfield code="e">Stadtpfarre Schwanenstadt, Pfarrarchiv, Traunfallgasse 4, 4690 Schwanenstadt, Austria</subfield>
            <subfield code="u">http://www.dioezese-linz.at/redsys/index.php?page_new=438500</subfield>
         </datafield>
      </record>