
      <record>
         <leader>00000nz  a2200169   4500</leader>
         <controlfield tag="001">30000380</controlfield>
         <controlfield tag="003">RISM</controlfield>
         <controlfield tag="005">20160216</controlfield>
         <controlfield tag="008">160216n||az|||||||##########||||||||||||</controlfield>
         <datafield tag="040" ind1=" " ind2=" ">
            <subfield code="a">A-SE</subfield>
         </datafield>
         <datafield tag="043" ind1=" " ind2=" ">
            <subfield code="c">XA-AT</subfield>
         </datafield>
         <datafield tag="110" ind1="2" ind2=" ">
            <subfield code="a">Benediktiner-Abtei, Bibliothek</subfield>
            <subfield code="c">Seckau</subfield>
            <subfield code="g">A-SE</subfield>
         </datafield>
         <datafield tag="622" ind1=" " ind2=" ">
            <subfield code="e">Benediktiner-Abtei, Bibliothek, 8732 Seckau 1, Austria</subfield>
            <subfield code="u">http://www.abtei-seckau.at/</subfield>
         </datafield>
      </record>