
      <record>
         <leader>00000nz  a2200169   4500</leader>
         <controlfield tag="001">30000121</controlfield>
         <controlfield tag="003">RISM</controlfield>
         <controlfield tag="005">20160216</controlfield>
         <controlfield tag="008">160216n||az|||||||##########||||||||||||</controlfield>
         <datafield tag="040" ind1=" " ind2=" ">
            <subfield code="a">A-SEI</subfield>
         </datafield>
         <datafield tag="043" ind1=" " ind2=" ">
            <subfield code="c">XA-AT-3</subfield>
         </datafield>
         <datafield tag="110" ind1="2" ind2=" ">
            <subfield code="a">Benediktinerstift, Bibliothek und Musikarchiv</subfield>
            <subfield code="c">Seitenstetten</subfield>
            <subfield code="g">A-SEI</subfield>
         </datafield>
         <datafield tag="622" ind1=" " ind2=" ">
            <subfield code="e">Benediktinerstift, Bibliothek und,  Musikarchiv, Am Klosterberg 1, 3353 Seitenstetten, Austria</subfield>
            <subfield code="u">http://www.stift-seitenstetten.at/</subfield>
         </datafield>
      </record>