
      <record>
         <leader>00000nz  a2200169   4500</leader>
         <controlfield tag="001">30000381</controlfield>
         <controlfield tag="003">RISM</controlfield>
         <controlfield tag="005">20160216</controlfield>
         <controlfield tag="008">160216n||az|||||||##########||||||||||||</controlfield>
         <datafield tag="040" ind1=" " ind2=" ">
            <subfield code="a">A-SF</subfield>
         </datafield>
         <datafield tag="043" ind1=" " ind2=" ">
            <subfield code="c">XA-AT-4</subfield>
         </datafield>
         <datafield tag="110" ind1="2" ind2=" ">
            <subfield code="a">Augustiner-Chorherrenstift, Bibliothek und Musikarchiv</subfield>
            <subfield code="c">St. Florian (Linz-Land)</subfield>
            <subfield code="g">A-SF</subfield>
         </datafield>
         <datafield tag="410" ind1="2" ind2=" ">
            <subfield code="a">Stift St. Florian</subfield>
         </datafield>
         <datafield tag="622" ind1=" " ind2=" ">
            <subfield code="e">Augustiner-Chorherrenstift, Bibliothek,  und Musikarchiv, Stiftstraße 1, 4490 St. Florian, Austria</subfield>
            <subfield code="u">http://www.stift-st-florian.at/</subfield>
         </datafield>
      </record>