
      <record>
         <leader>00000nz  a2200169   4500</leader>
         <controlfield tag="001">30076610</controlfield>
         <controlfield tag="003">RISM</controlfield>
         <controlfield tag="005">20160216</controlfield>
         <controlfield tag="008">160216n||az|||||||##########||||||||||||</controlfield>
         <datafield tag="040" ind1=" " ind2=" ">
            <subfield code="a">A-SFI</subfield>
         </datafield>
         <datafield tag="043" ind1=" " ind2=" ">
            <subfield code="c">XA-AT-4</subfield>
         </datafield>
         <datafield tag="110" ind1="2" ind2=" ">
            <subfield code="a">Pfarre Sankt Florian am Inn, Pfarrarchiv</subfield>
            <subfield code="c">Sankt Florian am Inn</subfield>
            <subfield code="g">A-SFI</subfield>
         </datafield>
         <datafield tag="622" ind1=" " ind2=" ">
            <subfield code="e">Pfarre Sankt Florian am Inn, Pfarrarchiv, St. Florian am Inn 8, 4782 Sankt Florian am Inn, Austria</subfield>
         </datafield>
      </record>