
      <record>
         <leader>00000nz  a2200169   4500</leader>
         <controlfield tag="001">30080286</controlfield>
         <controlfield tag="003">RISM</controlfield>
         <controlfield tag="005">20160216</controlfield>
         <controlfield tag="008">160216n||az|||||||##########||||||||||||</controlfield>
         <datafield tag="040" ind1=" " ind2=" ">
            <subfield code="a">A-SFlt</subfield>
         </datafield>
         <datafield tag="043" ind1=" " ind2=" ">
            <subfield code="c">AT</subfield>
         </datafield>
         <datafield tag="110" ind1="2" ind2=" ">
            <subfield code="a">Liedertafel St. Florian</subfield>
            <subfield code="c">St. Florian</subfield>
            <subfield code="g">A-SFlt</subfield>
         </datafield>
         <datafield tag="580" ind1=" " ind2=" ">
            <subfield code="x">A-SF</subfield>
            <subfield code="0">30000381</subfield>
         </datafield>
      </record>