
      <record>
         <leader>00000nz  a2200169   4500</leader>
         <controlfield tag="001">30006056</controlfield>
         <controlfield tag="003">RISM</controlfield>
         <controlfield tag="005">20160216</controlfield>
         <controlfield tag="008">160216n||az|||||||##########||||||||||||</controlfield>
         <datafield tag="040" ind1=" " ind2=" ">
            <subfield code="a">A-Sga</subfield>
         </datafield>
         <datafield tag="043" ind1=" " ind2=" ">
            <subfield code="c">XA-AT</subfield>
         </datafield>
         <datafield tag="110" ind1="2" ind2=" ">
            <subfield code="a">Gluck-Gesamtausgabe, Forschungsstelle Salzburg</subfield>
            <subfield code="c">Salzburg</subfield>
            <subfield code="g">A-Sga</subfield>
         </datafield>
         <datafield tag="622" ind1=" " ind2=" ">
            <subfield code="e">Gluck-Gesamtausgabe, Forschungsstelle,  Salzburg, Erzabt-Klotz-Str. 1, 5020 Salzburg, Austria</subfield>
            <subfield code="u">http://www.gluck-forschungsstelle-salzburg.org/#</subfield>
         </datafield>
      </record>