
      <record>
         <leader>00000nz  a2200169   4500</leader>
         <controlfield tag="001">30076627</controlfield>
         <controlfield tag="003">RISM</controlfield>
         <controlfield tag="005">20160216</controlfield>
         <controlfield tag="008">160216n||az|||||||##########||||||||||||</controlfield>
         <datafield tag="040" ind1=" " ind2=" ">
            <subfield code="a">A-SGG</subfield>
         </datafield>
         <datafield tag="043" ind1=" " ind2=" ">
            <subfield code="c">XA-AT-4</subfield>
         </datafield>
         <datafield tag="110" ind1="2" ind2=" ">
            <subfield code="a">Pfarre St. Georgen an der Gusen, Pfarrarchiv</subfield>
            <subfield code="c">St. Georgen an der Gusen</subfield>
            <subfield code="g">A-SGG</subfield>
         </datafield>
         <datafield tag="622" ind1=" " ind2=" ">
            <subfield code="e">Pfarre St. Georgen an der Gusen, Linzer Straße 8, 4222 Sankt Georgen an der Gusen, Austria</subfield>
            <subfield code="u">http://www.pfarre-stgeorgen-gusen.at/</subfield>
         </datafield>
      </record>