
      <record>
         <leader>00000nz  a2200169   4500</leader>
         <controlfield tag="001">30080648</controlfield>
         <controlfield tag="003">RISM</controlfield>
         <controlfield tag="005">20160216</controlfield>
         <controlfield tag="008">160216n||az|||||||##########||||||||||||</controlfield>
         <datafield tag="040" ind1=" " ind2=" ">
            <subfield code="a">A-SJTda</subfield>
         </datafield>
         <datafield tag="043" ind1=" " ind2=" ">
            <subfield code="c">XA-AT</subfield>
         </datafield>
         <datafield tag="110" ind1="2" ind2=" ">
            <subfield code="a">Dekanatsarchiv</subfield>
            <subfield code="c">St. Johann in Tirol</subfield>
            <subfield code="g">A-SJTda</subfield>
         </datafield>
         <datafield tag="622" ind1=" " ind2=" ">
            <subfield code="e">Dekanatsarchiv, c/o Eb. Dekanatspfarramt, Dechant-Wieshoferstraße 1, 6380 St. Johann in Tirol, Austria</subfield>
            <subfield code="u">http://www.pfarre-stjohannintirol.at/index.php?id=33</subfield>
         </datafield>
      </record>