
      <record>
         <leader>00000nz  a2200169   4500</leader>
         <controlfield tag="001">30000207</controlfield>
         <controlfield tag="003">RISM</controlfield>
         <controlfield tag="005">20160216</controlfield>
         <controlfield tag="008">160216n||az|||||||##########||||||||||||</controlfield>
         <datafield tag="040" ind1=" " ind2=" ">
            <subfield code="a">A-SL</subfield>
         </datafield>
         <datafield tag="043" ind1=" " ind2=" ">
            <subfield code="c">XA-AT-6</subfield>
         </datafield>
         <datafield tag="110" ind1="2" ind2=" ">
            <subfield code="a">Benediktinerstift, Bibliothek</subfield>
            <subfield code="c">St. Lambrecht</subfield>
            <subfield code="g">A-SL</subfield>
         </datafield>
         <datafield tag="410" ind1="2" ind2=" ">
            <subfield code="a">Benediktinerabtei, Bibliothek</subfield>
         </datafield>
         <datafield tag="622" ind1=" " ind2=" ">
            <subfield code="e">Benediktinerstift, Bibliothek, Hauptstr. 1, 8813 St. Lambrecht, Austria</subfield>
            <subfield code="u">http://www.stift-stlambrecht.at/</subfield>
         </datafield>
      </record>