
      <record>
         <leader>00000nz  a2200169   4500</leader>
         <controlfield tag="001">30005847</controlfield>
         <controlfield tag="003">RISM</controlfield>
         <controlfield tag="005">20160216</controlfield>
         <controlfield tag="008">160216n||az|||||||##########||||||||||||</controlfield>
         <datafield tag="040" ind1=" " ind2=" ">
            <subfield code="a">A-Sl</subfield>
         </datafield>
         <datafield tag="043" ind1=" " ind2=" ">
            <subfield code="c">XA-AT</subfield>
         </datafield>
         <datafield tag="110" ind1="2" ind2=" ">
            <subfield code="a">Landesarchiv</subfield>
            <subfield code="c">Salzburg</subfield>
            <subfield code="g">A-Sl</subfield>
         </datafield>
         <datafield tag="622" ind1=" " ind2=" ">
            <subfield code="e">Landesarchiv, Michael-Pacher-Str. 40, 5020 Salzburg, Austria</subfield>
            <subfield code="u">http://www.salzburg.gv.at/themen/se/salzburg/archive.htm</subfield>
         </datafield>
      </record>