
      <record>
         <leader>00000nz  a2200169   4500</leader>
         <controlfield tag="001">30002594</controlfield>
         <controlfield tag="003">RISM</controlfield>
         <controlfield tag="005">20160216</controlfield>
         <controlfield tag="008">160216n||az|||||||##########||||||||||||</controlfield>
         <datafield tag="040" ind1=" " ind2=" ">
            <subfield code="a">A-Sp</subfield>
         </datafield>
         <datafield tag="043" ind1=" " ind2=" ">
            <subfield code="c">XA-AT</subfield>
         </datafield>
         <datafield tag="110" ind1="2" ind2=" ">
            <subfield code="a">Bibliothek des Priesterseminars</subfield>
            <subfield code="c">Salzburg</subfield>
            <subfield code="g">A-Sp</subfield>
         </datafield>
         <datafield tag="622" ind1=" " ind2=" ">
            <subfield code="e">Bibliothek des Priesterseminars, Dreifaltigkeitsgasse 14, 5020 Salzburg, Austria</subfield>
            <subfield code="u">http://www.kirchen.net/priesterseminar/default.asp?id=11221</subfield>
         </datafield>
      </record>