
      <record>
         <leader>00000nz  a2200169   4500</leader>
         <controlfield tag="001">30000211</controlfield>
         <controlfield tag="003">RISM</controlfield>
         <controlfield tag="005">20160216</controlfield>
         <controlfield tag="008">160216n||az|||||||##########||||||||||||</controlfield>
         <datafield tag="040" ind1=" " ind2=" ">
            <subfield code="a">A-SPL</subfield>
         </datafield>
         <datafield tag="043" ind1=" " ind2=" ">
            <subfield code="c">XA-AT-2</subfield>
         </datafield>
         <datafield tag="110" ind1="2" ind2=" ">
            <subfield code="a">Benediktinerstift St. Paul, Bibliothek</subfield>
            <subfield code="c">St. Paul</subfield>
            <subfield code="g">A-SPL</subfield>
         </datafield>
         <datafield tag="622" ind1=" " ind2=" ">
            <subfield code="e">Benediktinerstift St. Paul, Bibliothek, Hauptstraße 1, 9470 St. Paul, Austria</subfield>
            <subfield code="u">http://www.stift-stpaul.at</subfield>
         </datafield>
      </record>