
      <record>
         <leader>00000nz  a2200169   4500</leader>
         <controlfield tag="001">30077509</controlfield>
         <controlfield tag="003">RISM</controlfield>
         <controlfield tag="005">20160216</controlfield>
         <controlfield tag="008">160216n||az|||||||##########||||||||||||</controlfield>
         <datafield tag="040" ind1=" " ind2=" ">
            <subfield code="a">A-SPnl</subfield>
         </datafield>
         <datafield tag="043" ind1=" " ind2=" ">
            <subfield code="c">XA-AT</subfield>
         </datafield>
         <datafield tag="110" ind1="2" ind2=" ">
            <subfield code="a">Niederösterreichisches Landesarchiv</subfield>
            <subfield code="c">St. Pölten</subfield>
            <subfield code="g">A-SPnl</subfield>
         </datafield>
         <datafield tag="622" ind1=" " ind2=" ">
            <subfield code="e">Niederösterreichisches Landesarchiv, Haus Kulturbezirk 4, Landhausplatz 1, 3109 St. Pölten, Austria</subfield>
            <subfield code="u">http://www.noe.gv.at/Bildung/Landesarchiv-.html</subfield>
         </datafield>
      </record>