
      <record>
         <leader>00000nz  a2200169   4500</leader>
         <controlfield tag="001">30000376</controlfield>
         <controlfield tag="003">RISM</controlfield>
         <controlfield tag="005">20160216</controlfield>
         <controlfield tag="008">160216n||az|||||||##########||||||||||||</controlfield>
         <datafield tag="040" ind1=" " ind2=" ">
            <subfield code="a">A-Ssp</subfield>
         </datafield>
         <datafield tag="043" ind1=" " ind2=" ">
            <subfield code="c">XA-AT</subfield>
         </datafield>
         <datafield tag="110" ind1="2" ind2=" ">
            <subfield code="a">Erzabtei St. Peter, Musikalienarchiv</subfield>
            <subfield code="c">Salzburg</subfield>
            <subfield code="g">A-Ssp</subfield>
         </datafield>
         <datafield tag="410" ind1="2" ind2=" ">
            <subfield code="a">Stift St. Peter</subfield>
         </datafield>
         <datafield tag="622" ind1=" " ind2=" ">
            <subfield code="e">Erzabtei St. Peter, Musikalienarchiv, St. Peter-Bezirk 1, Postfach 113, 5010 Salzburg, Austria</subfield>
            <subfield code="u">http://www.stift-stpeter.at/</subfield>
         </datafield>
      </record>