
      <record>
         <leader>00000nz  a2200169   4500</leader>
         <controlfield tag="001">30000384</controlfield>
         <controlfield tag="003">RISM</controlfield>
         <controlfield tag="005">20160216</controlfield>
         <controlfield tag="008">160216n||az|||||||##########||||||||||||</controlfield>
         <datafield tag="040" ind1=" " ind2=" ">
            <subfield code="a">A-ST</subfield>
         </datafield>
         <datafield tag="043" ind1=" " ind2=" ">
            <subfield code="c">XA-AT</subfield>
         </datafield>
         <datafield tag="110" ind1="2" ind2=" ">
            <subfield code="a">Zisterzienserstift, Bibliothek und Musikarchiv</subfield>
            <subfield code="c">Stams</subfield>
            <subfield code="g">A-ST</subfield>
         </datafield>
         <datafield tag="622" ind1=" " ind2=" ">
            <subfield code="e">Zisterzienserstift, Bibliothek und,  Musikarchiv, Stiftshof 1, 6422 Stams, Austria</subfield>
            <subfield code="u">http://www.stiftstams.at/</subfield>
         </datafield>
      </record>