
      <record>
         <leader>00000nz  a2200169   4500</leader>
         <controlfield tag="001">30000272</controlfield>
         <controlfield tag="003">RISM</controlfield>
         <controlfield tag="005">20160216</controlfield>
         <controlfield tag="008">160216n||az|||||||##########||||||||||||</controlfield>
         <datafield tag="040" ind1=" " ind2=" ">
            <subfield code="a">A-STEp</subfield>
         </datafield>
         <datafield tag="043" ind1=" " ind2=" ">
            <subfield code="c">XA-AT</subfield>
         </datafield>
         <datafield tag="110" ind1="2" ind2=" ">
            <subfield code="a">Stadtpfarre</subfield>
            <subfield code="c">Steyr</subfield>
            <subfield code="g">A-STEp</subfield>
         </datafield>
         <datafield tag="410" ind1="2" ind2=" ">
            <subfield code="a">Stadtpfarrarchiv</subfield>
         </datafield>
         <datafield tag="622" ind1=" " ind2=" ">
            <subfield code="e">Stadtpfarre, Brucknerplatz 4, 4400 Steyr, Austria</subfield>
            <subfield code="u">http://www.dioezese-linz.at/redsys/index.php?page_new=441100</subfield>
         </datafield>
      </record>