
      <record>
         <leader>00000nz  a2200169   4500</leader>
         <controlfield tag="001">30080261</controlfield>
         <controlfield tag="003">RISM</controlfield>
         <controlfield tag="005">20160216</controlfield>
         <controlfield tag="008">160216n||az|||||||##########||||||||||||</controlfield>
         <datafield tag="040" ind1=" " ind2=" ">
            <subfield code="a">A-STEsm</subfield>
         </datafield>
         <datafield tag="043" ind1=" " ind2=" ">
            <subfield code="c">AT</subfield>
         </datafield>
         <datafield tag="110" ind1="2" ind2=" ">
            <subfield code="a">Stadtmuseum</subfield>
            <subfield code="c">Steyr</subfield>
            <subfield code="g">A-STEsm</subfield>
         </datafield>
         <datafield tag="622" ind1=" " ind2=" ">
            <subfield code="e">Stadtmuseum, Grünmarkt 26, 4400 Steyr, Austria</subfield>
            <subfield code="u">http://www.steyr.info/kultur/museen/stadtmuseum.html</subfield>
         </datafield>
      </record>