
      <record>
         <leader>00000nz  a2200169   4500</leader>
         <controlfield tag="001">30002595</controlfield>
         <controlfield tag="003">RISM</controlfield>
         <controlfield tag="005">20160216</controlfield>
         <controlfield tag="008">160216n||az|||||||##########||||||||||||</controlfield>
         <datafield tag="040" ind1=" " ind2=" ">
            <subfield code="a">A-SW</subfield>
         </datafield>
         <datafield tag="043" ind1=" " ind2=" ">
            <subfield code="c">XA-AT-7</subfield>
         </datafield>
         <datafield tag="110" ind1="2" ind2=" ">
            <subfield code="a">Franziskanerkloster, Bibliothek und Konventarchiv&#xD;
</subfield>
            <subfield code="c">Schwaz</subfield>
            <subfield code="g">A-SW</subfield>
         </datafield>
         <datafield tag="622" ind1=" " ind2=" ">
            <subfield code="e">Franziskanerkloster, Bibliothek, und Konventarchiv&#xD;
, Gilmstr. 1, 6130 Schwaz, Austria</subfield>
            <subfield code="u">http://www.franziskaner-schwaz.at/</subfield>
         </datafield>
      </record>