
      <record>
         <leader>00000nz  a2200169   4500</leader>
         <controlfield tag="001">30005923</controlfield>
         <controlfield tag="003">RISM</controlfield>
         <controlfield tag="005">20160216</controlfield>
         <controlfield tag="008">160216n||az|||||||##########||||||||||||</controlfield>
         <datafield tag="040" ind1=" " ind2=" ">
            <subfield code="a">A-SWpk</subfield>
         </datafield>
         <datafield tag="043" ind1=" " ind2=" ">
            <subfield code="c">XA-AT</subfield>
         </datafield>
         <datafield tag="110" ind1="2" ind2=" ">
            <subfield code="a">Pfarrkirche Unsere Liebe Frau Maria Himmelfahrt</subfield>
            <subfield code="c">Schwaz</subfield>
            <subfield code="g">A-SWpk</subfield>
         </datafield>
         <datafield tag="622" ind1=" " ind2=" ">
            <subfield code="e">Pfarrkirche Unsere Liebe Frau Maria,  Himmelfahrt, Tannenberggasse 15, 6130 Schwaz, Austria</subfield>
            <subfield code="u">http://www.dibk.at/index.php?portal=7354&amp;id=3659</subfield>
         </datafield>
      </record>