
      <record>
         <leader>00000nz  a2200169   4500</leader>
         <controlfield tag="001">30000385</controlfield>
         <controlfield tag="003">RISM</controlfield>
         <controlfield tag="005">20160216</controlfield>
         <controlfield tag="008">160216n||az|||||||##########||||||||||||</controlfield>
         <datafield tag="040" ind1=" " ind2=" ">
            <subfield code="a">A-TU</subfield>
         </datafield>
         <datafield tag="043" ind1=" " ind2=" ">
            <subfield code="c">XA-AT</subfield>
         </datafield>
         <datafield tag="110" ind1="2" ind2=" ">
            <subfield code="a">Katholisches Pfarramt, Musikarchiv</subfield>
            <subfield code="c">Tulln</subfield>
            <subfield code="g">A-TU</subfield>
         </datafield>
         <datafield tag="410" ind1="2" ind2=" ">
            <subfield code="a">Pfarrkirche St. Stephan</subfield>
         </datafield>
         <datafield tag="622" ind1=" " ind2=" ">
            <subfield code="e">Katholisches Pfarramt, Musikarchiv, Wiener Straße 20, 3430 Tulln, Austria</subfield>
            <subfield code="u">http://www.tulln-sanktstephan.at/</subfield>
         </datafield>
      </record>