
      <record>
         <leader>00000nz  a2200169   4500</leader>
         <controlfield tag="001">30006242</controlfield>
         <controlfield tag="003">RISM</controlfield>
         <controlfield tag="005">20160216</controlfield>
         <controlfield tag="008">160216n||az|||||||##########||||||||||||</controlfield>
         <datafield tag="040" ind1=" " ind2=" ">
            <subfield code="a">A-Uhell</subfield>
         </datafield>
         <datafield tag="043" ind1=" " ind2=" ">
            <subfield code="c">XA-AT</subfield>
         </datafield>
         <datafield tag="110" ind1="2" ind2=" ">
            <subfield code="a">Privatarchiv Johann Hell</subfield>
            <subfield code="c">Uderns</subfield>
            <subfield code="g">A-Uhell</subfield>
         </datafield>
         <datafield tag="622" ind1=" " ind2=" ">
            <subfield code="e">Privatarchiv Johann Hell, 6271 Uderns</subfield>
         </datafield>
      </record>