
      <record>
         <leader>00000nz  a2200169   4500</leader>
         <controlfield tag="001">30003835</controlfield>
         <controlfield tag="003">RISM</controlfield>
         <controlfield tag="005">20160216</controlfield>
         <controlfield tag="008">160216n||az|||||||##########||||||||||||</controlfield>
         <datafield tag="040" ind1=" " ind2=" ">
            <subfield code="a">A-Vmk</subfield>
         </datafield>
         <datafield tag="043" ind1=" " ind2=" ">
            <subfield code="c">XA-AT</subfield>
         </datafield>
         <datafield tag="110" ind1="2" ind2=" ">
            <subfield code="a">Bürgerkapelle</subfield>
            <subfield code="c">Vils</subfield>
            <subfield code="g">A-Vmk</subfield>
         </datafield>
         <datafield tag="410" ind1="2" ind2=" ">
            <subfield code="a">Musikkapelle Vils, Musikalienarchiv</subfield>
         </datafield>
         <datafield tag="622" ind1=" " ind2=" ">
            <subfield code="e">Bürgerkapelle, Roland Megele, Hoheneggweg 52, 6682 Vils, Austria</subfield>
            <subfield code="u">http://www.mk-vils.at/index.html</subfield>
         </datafield>
      </record>