
      <record>
         <leader>00000nz  a2200169   4500</leader>
         <controlfield tag="001">30000209</controlfield>
         <controlfield tag="003">RISM</controlfield>
         <controlfield tag="005">20160216</controlfield>
         <controlfield tag="008">160216n||az|||||||##########||||||||||||</controlfield>
         <datafield tag="040" ind1=" " ind2=" ">
            <subfield code="a">A-VOR</subfield>
         </datafield>
         <datafield tag="043" ind1=" " ind2=" ">
            <subfield code="c">XA-AT-6</subfield>
         </datafield>
         <datafield tag="110" ind1="2" ind2=" ">
            <subfield code="a">Chorherrenstift</subfield>
            <subfield code="c">Vorau</subfield>
            <subfield code="g">A-VOR</subfield>
         </datafield>
         <datafield tag="410" ind1="2" ind2=" ">
            <subfield code="a">Bibliothek des Augustiner-Chorherrenstifts</subfield>
         </datafield>
         <datafield tag="622" ind1=" " ind2=" ">
            <subfield code="e">Chorherrenstift, 8250 Vorau, Austria</subfield>
            <subfield code="u">http://www.stift-vorau.at</subfield>
         </datafield>
      </record>