
      <record>
         <leader>00000nz  a2200169   4500</leader>
         <controlfield tag="001">30003834</controlfield>
         <controlfield tag="003">RISM</controlfield>
         <controlfield tag="005">20160216</controlfield>
         <controlfield tag="008">160216n||az|||||||##########||||||||||||</controlfield>
         <datafield tag="040" ind1=" " ind2=" ">
            <subfield code="a">A-Vpk</subfield>
         </datafield>
         <datafield tag="043" ind1=" " ind2=" ">
            <subfield code="c">XA-AT</subfield>
         </datafield>
         <datafield tag="110" ind1="2" ind2=" ">
            <subfield code="a">Pfarrkirche, Musikalienarchiv</subfield>
            <subfield code="c">Vils</subfield>
            <subfield code="g">A-Vpk</subfield>
         </datafield>
         <datafield tag="410" ind1="2" ind2=" ">
            <subfield code="a">Stadtpfarrkirche Mariae Himmelfahrt</subfield>
         </datafield>
         <datafield tag="622" ind1=" " ind2=" ">
            <subfield code="e">Pfarrkirche, Musikalienarchiv, Stadtplatz 1, 6682 Vils, Austria</subfield>
         </datafield>
      </record>