
      <record>
         <leader>00000nz  a2200169   4500</leader>
         <controlfield tag="001">30000268</controlfield>
         <controlfield tag="003">RISM</controlfield>
         <controlfield tag="005">20160216</controlfield>
         <controlfield tag="008">160216n||az|||||||##########||||||||||||</controlfield>
         <datafield tag="040" ind1=" " ind2=" ">
            <subfield code="a">A-WAIp</subfield>
         </datafield>
         <datafield tag="043" ind1=" " ind2=" ">
            <subfield code="c">XA-AT</subfield>
         </datafield>
         <datafield tag="110" ind1="2" ind2=" ">
            <subfield code="a">Stadtpfarre</subfield>
            <subfield code="c">Waidhofen an der Ybbs</subfield>
            <subfield code="g">A-WAIp</subfield>
         </datafield>
         <datafield tag="622" ind1=" " ind2=" ">
            <subfield code="e">Stadtpfarre, Oberer Stadtplatz 35, 3340 Waidhofen an der Ybbs, Austria</subfield>
            <subfield code="u">http://www.kirche.at/stpoelten/pfarren/pfarrinfo.php?links=Waidhofen/Ybbs</subfield>
         </datafield>
      </record>