
      <record>
         <leader>00000nz  a2200169   4500</leader>
         <controlfield tag="001">30077335</controlfield>
         <controlfield tag="003">RISM</controlfield>
         <controlfield tag="005">20160216</controlfield>
         <controlfield tag="008">160216n||az|||||||##########||||||||||||</controlfield>
         <datafield tag="040" ind1=" " ind2=" ">
            <subfield code="a">A-Wava</subfield>
         </datafield>
         <datafield tag="043" ind1=" " ind2=" ">
            <subfield code="c">AT</subfield>
         </datafield>
         <datafield tag="110" ind1="2" ind2=" ">
            <subfield code="a">Allgemeines Verwaltungsarchiv</subfield>
            <subfield code="c">Wien</subfield>
            <subfield code="g">A-Wava</subfield>
         </datafield>
         <datafield tag="622" ind1=" " ind2=" ">
            <subfield code="e">Allgemeines Verwaltungsarchiv, Nottendorfer Gasse 2, 1030 Wien, Austria</subfield>
            <subfield code="u">http://oesta.gv.at/site/4984/default.aspx</subfield>
         </datafield>
      </record>