
      <record>
         <leader>00000nz  a2200169   4500</leader>
         <controlfield tag="001">30006365</controlfield>
         <controlfield tag="003">RISM</controlfield>
         <controlfield tag="005">20160216</controlfield>
         <controlfield tag="008">160216n||az|||||||##########||||||||||||</controlfield>
         <datafield tag="040" ind1=" " ind2=" ">
            <subfield code="a">A-We</subfield>
         </datafield>
         <datafield tag="043" ind1=" " ind2=" ">
            <subfield code="c">XA-AT</subfield>
         </datafield>
         <datafield tag="110" ind1="2" ind2=" ">
            <subfield code="a">Erzbischöfliche Bibliothek</subfield>
            <subfield code="c">Wien</subfield>
            <subfield code="g">A-We</subfield>
         </datafield>
         <datafield tag="580" ind1=" " ind2=" ">
            <subfield code="x">A-Wda</subfield>
            <subfield code="0">30005255</subfield>
         </datafield>
      </record>