
      <record>
         <leader>00000nz  a2200169   4500</leader>
         <controlfield tag="001">30080102</controlfield>
         <controlfield tag="003">RISM</controlfield>
         <controlfield tag="005">20160216</controlfield>
         <controlfield tag="008">160216n||az|||||||##########||||||||||||</controlfield>
         <datafield tag="040" ind1=" " ind2=" ">
            <subfield code="a">A-WEhsc</subfield>
         </datafield>
         <datafield tag="043" ind1=" " ind2=" ">
            <subfield code="c">AT</subfield>
         </datafield>
         <datafield tag="110" ind1="2" ind2=" ">
            <subfield code="a">Hans Sachs Chor Wels, Musikarchiv</subfield>
            <subfield code="c">Wels</subfield>
            <subfield code="g">A-WEhsc</subfield>
         </datafield>
         <datafield tag="622" ind1=" " ind2=" ">
            <subfield code="e">Hans Sachs Chor Wels, Musikarchiv, Vereinszentrum Herminenhof, Maria-Theresien-Straße 33, 4600 Wels, Austria</subfield>
         </datafield>
      </record>