
      <record>
         <leader>00000nz  a2200169   4500</leader>
         <controlfield tag="001">30079239</controlfield>
         <controlfield tag="003">RISM</controlfield>
         <controlfield tag="005">20160216</controlfield>
         <controlfield tag="008">160216n||az|||||||##########||||||||||||</controlfield>
         <datafield tag="040" ind1=" " ind2=" ">
            <subfield code="a">A-WEsa</subfield>
         </datafield>
         <datafield tag="043" ind1=" " ind2=" ">
            <subfield code="c">AT</subfield>
         </datafield>
         <datafield tag="110" ind1="2" ind2=" ">
            <subfield code="a">Stadtarchiv Wels</subfield>
            <subfield code="c">Wels</subfield>
            <subfield code="g">A-WEsa</subfield>
         </datafield>
         <datafield tag="622" ind1=" " ind2=" ">
            <subfield code="e">Stadtarchiv Wels, Maria-Theresia-Straße 33, 4600 Wels, Austria</subfield>
            <subfield code="u">http://goo.gl/gn5m1d</subfield>
         </datafield>
      </record>