
      <record>
         <leader>00000nz  a2200169   4500</leader>
         <controlfield tag="001">30076014</controlfield>
         <controlfield tag="003">RISM</controlfield>
         <controlfield tag="005">20160216</controlfield>
         <controlfield tag="008">160216n||az|||||||##########||||||||||||</controlfield>
         <datafield tag="040" ind1=" " ind2=" ">
            <subfield code="a">A-WEY</subfield>
         </datafield>
         <datafield tag="043" ind1=" " ind2=" ">
            <subfield code="c">XA-AT-4</subfield>
         </datafield>
         <datafield tag="110" ind1="2" ind2=" ">
            <subfield code="a">Katholische Pfarrkirche - Historisches Notenarchiv</subfield>
            <subfield code="c">Weyer</subfield>
            <subfield code="g">A-WEY</subfield>
         </datafield>
         <datafield tag="622" ind1=" " ind2=" ">
            <subfield code="e">Katholische Pfarrkirche - Historisches,  Notenarchiv, Oberer Kirchenweg 1, 3335 Weyer, Austria</subfield>
            <subfield code="u">http://www.dioezese-linz.or.at/pfarren/weyer/</subfield>
         </datafield>
      </record>