
      <record>
         <leader>00000nz  a2200169   4500</leader>
         <controlfield tag="001">30005845</controlfield>
         <controlfield tag="003">RISM</controlfield>
         <controlfield tag="005">20160216</controlfield>
         <controlfield tag="008">160216n||az|||||||##########||||||||||||</controlfield>
         <datafield tag="040" ind1=" " ind2=" ">
            <subfield code="a">A-Whh</subfield>
         </datafield>
         <datafield tag="043" ind1=" " ind2=" ">
            <subfield code="c">XA-AT</subfield>
         </datafield>
         <datafield tag="110" ind1="2" ind2=" ">
            <subfield code="a">Haus-, Hof- und Staatsarchiv</subfield>
            <subfield code="c">Wien</subfield>
            <subfield code="g">A-Whh</subfield>
         </datafield>
         <datafield tag="580" ind1=" " ind2=" ">
            <subfield code="x">A-Wös</subfield>
            <subfield code="0">30070515</subfield>
         </datafield>
         <datafield tag="622" ind1=" " ind2=" ">
            <subfield code="e">Haus-, Hof- und Staatsarchiv, Minoritenplatz 1, 1010 Wien, Austria</subfield>
            <subfield code="u">http://oesta.gv.at/site/4980/default.aspx</subfield>
         </datafield>
      </record>