
      <record>
         <leader>00000nz  a2200169   4500</leader>
         <controlfield tag="001">30080260</controlfield>
         <controlfield tag="003">RISM</controlfield>
         <controlfield tag="005">20160216</controlfield>
         <controlfield tag="008">160216n||az|||||||##########||||||||||||</controlfield>
         <datafield tag="040" ind1=" " ind2=" ">
            <subfield code="a">A-Whmk</subfield>
         </datafield>
         <datafield tag="043" ind1=" " ind2=" ">
            <subfield code="c">AT</subfield>
         </datafield>
         <datafield tag="110" ind1="2" ind2=" ">
            <subfield code="a">Wiener Hofmusikkapelle, Archiv</subfield>
            <subfield code="c">Wien</subfield>
            <subfield code="g">A-Whmk</subfield>
         </datafield>
         <datafield tag="622" ind1=" " ind2=" ">
            <subfield code="e">Wiener Hofmusikkapelle, Archiv, Hofburgkapelle, Hofburg-Schweizerhof, 1010 Wien, Austria</subfield>
            <subfield code="u">http://www.hofmusikkapelle.gv.at/content/hofmusikkapelle/</subfield>
         </datafield>
      </record>