
      <record>
         <leader>00000nz  a2200169   4500</leader>
         <controlfield tag="001">30000267</controlfield>
         <controlfield tag="003">RISM</controlfield>
         <controlfield tag="005">20160216</controlfield>
         <controlfield tag="008">160216n||az|||||||##########||||||||||||</controlfield>
         <datafield tag="040" ind1=" " ind2=" ">
            <subfield code="a">A-WIL</subfield>
         </datafield>
         <datafield tag="043" ind1=" " ind2=" ">
            <subfield code="c">XA-AT-4</subfield>
         </datafield>
         <datafield tag="110" ind1="2" ind2=" ">
            <subfield code="a">Zisterzienserstift, Musikarchiv</subfield>
            <subfield code="c">Wilhering</subfield>
            <subfield code="g">A-WIL</subfield>
         </datafield>
         <datafield tag="622" ind1=" " ind2=" ">
            <subfield code="e">Zisterzienserstift, Musikarchiv, Linzer Str. 4, 4073 Wilhering, Austria</subfield>
            <subfield code="u">http://stiftwilhering.at/kultur/musikarchiv/</subfield>
         </datafield>
      </record>