
      <record>
         <leader>00000nz  a2200169   4500</leader>
         <controlfield tag="001">30000197</controlfield>
         <controlfield tag="003">RISM</controlfield>
         <controlfield tag="005">20160216</controlfield>
         <controlfield tag="008">160216n||az|||||||##########||||||||||||</controlfield>
         <datafield tag="040" ind1=" " ind2=" ">
            <subfield code="a">A-Wm</subfield>
         </datafield>
         <datafield tag="043" ind1=" " ind2=" ">
            <subfield code="c">XA-AT-9</subfield>
         </datafield>
         <datafield tag="110" ind1="2" ind2=" ">
            <subfield code="a">Minoritenkonvent, Klosterbibliothek und Archiv</subfield>
            <subfield code="c">Wien</subfield>
            <subfield code="g">A-Wm</subfield>
         </datafield>
         <datafield tag="410" ind1="2" ind2=" ">
            <subfield code="a">Musikarchiv Minoritenkonvent</subfield>
         </datafield>
         <datafield tag="622" ind1=" " ind2=" ">
            <subfield code="e">Minoritenkonvent, Klosterbibliothek und, Archiv, Alserstraße 17, 1080 Wien, Austria</subfield>
            <subfield code="u">http://www.minoriten.at/inhalt/wo/Alser%20Vorstadt/alservorstadtgeschichte_Übersicht.html</subfield>
         </datafield>
      </record>