
      <record>
         <leader>00000nz  a2200169   4500</leader>
         <controlfield tag="001">30000397</controlfield>
         <controlfield tag="003">RISM</controlfield>
         <controlfield tag="005">20160216</controlfield>
         <controlfield tag="008">160216n||az|||||||##########||||||||||||</controlfield>
         <datafield tag="040" ind1=" " ind2=" ">
            <subfield code="a">A-Wmk</subfield>
         </datafield>
         <datafield tag="043" ind1=" " ind2=" ">
            <subfield code="c">XA-AT</subfield>
         </datafield>
         <datafield tag="110" ind1="2" ind2=" ">
            <subfield code="a">Universität für Musik und darstellende Kunst, Bibliothek</subfield>
            <subfield code="c">Wien</subfield>
            <subfield code="g">A-Wmk</subfield>
         </datafield>
         <datafield tag="410" ind1="2" ind2=" ">
            <subfield code="a">Musikuniversität, Bibliothek</subfield>
         </datafield>
         <datafield tag="410" ind1="2" ind2=" ">
            <subfield code="a">Staatsakademie</subfield>
         </datafield>
         <datafield tag="622" ind1=" " ind2=" ">
            <subfield code="e">Universität für Musik und darstellende,  Kunst, Bibliothek, Lothringerstraße 18, 1030 Wien, Austria</subfield>
            <subfield code="u">http://www.mdw.ac.at/bib/</subfield>
         </datafield>
      </record>