
      <record>
         <leader>00000nz  a2200169   4500</leader>
         <controlfield tag="001">30070515</controlfield>
         <controlfield tag="003">RISM</controlfield>
         <controlfield tag="005">20160216</controlfield>
         <controlfield tag="008">160216n||az|||||||##########||||||||||||</controlfield>
         <datafield tag="040" ind1=" " ind2=" ">
            <subfield code="a">A-Wös</subfield>
         </datafield>
         <datafield tag="043" ind1=" " ind2=" ">
            <subfield code="c">XA-AT</subfield>
         </datafield>
         <datafield tag="110" ind1="2" ind2=" ">
            <subfield code="a">Österreichisches Staatsarchiv</subfield>
            <subfield code="c">Wien</subfield>
            <subfield code="g">A-Wös</subfield>
         </datafield>
         <datafield tag="622" ind1=" " ind2=" ">
            <subfield code="e">Österreichisches Staatsarchiv, Zentralarchiv, Nottendorfer Gasse 2, 1030 Wien, Austria</subfield>
            <subfield code="u">http://www.oesta.gv.at</subfield>
         </datafield>
      </record>