
      <record>
         <leader>00000nz  a2200169   4500</leader>
         <controlfield tag="001">30003228</controlfield>
         <controlfield tag="003">RISM</controlfield>
         <controlfield tag="005">20160216</controlfield>
         <controlfield tag="008">160216n||az|||||||##########||||||||||||</controlfield>
         <datafield tag="040" ind1=" " ind2=" ">
            <subfield code="a">A-Wps</subfield>
         </datafield>
         <datafield tag="043" ind1=" " ind2=" ">
            <subfield code="c">XA-AT-9</subfield>
         </datafield>
         <datafield tag="110" ind1="2" ind2=" ">
            <subfield code="a">Erzbischöfliches Priesterseminar</subfield>
            <subfield code="c">Wien</subfield>
            <subfield code="g">A-Wps</subfield>
         </datafield>
         <datafield tag="410" ind1="2" ind2=" ">
            <subfield code="a">Wiener Priesterseminar</subfield>
         </datafield>
         <datafield tag="622" ind1=" " ind2=" ">
            <subfield code="e">Erzbischöfliches Priesterseminar, Boltzmanngasse 7-9, 1090 Wien, Austria</subfield>
            <subfield code="u">http://www.wiener-priesterseminar.at/</subfield>
         </datafield>
      </record>