
      <record>
         <leader>00000nz  a2200169   4500</leader>
         <controlfield tag="001">30000404</controlfield>
         <controlfield tag="003">RISM</controlfield>
         <controlfield tag="005">20160216</controlfield>
         <controlfield tag="008">160216n||az|||||||##########||||||||||||</controlfield>
         <datafield tag="040" ind1=" " ind2=" ">
            <subfield code="a">A-Ws</subfield>
         </datafield>
         <datafield tag="043" ind1=" " ind2=" ">
            <subfield code="c">XA-AT-9</subfield>
         </datafield>
         <datafield tag="110" ind1="2" ind2=" ">
            <subfield code="a">Schottenstift, Musikarchiv</subfield>
            <subfield code="c">Wien</subfield>
            <subfield code="g">A-Ws</subfield>
         </datafield>
         <datafield tag="410" ind1="2" ind2=" ">
            <subfield code="a">Bibliothek der Benediktinerabtei Unser Lieben Frauen zu den Schotten</subfield>
         </datafield>
         <datafield tag="622" ind1=" " ind2=" ">
            <subfield code="e">Schottenstift, Musikarchiv, Freyung 6, 1010 Wien, Austria</subfield>
            <subfield code="u">http://www.schottenstift.at</subfield>
         </datafield>
      </record>