
      <record>
         <leader>00000nz  a2200169   4500</leader>
         <controlfield tag="001">30000407</controlfield>
         <controlfield tag="003">RISM</controlfield>
         <controlfield tag="005">20160216</controlfield>
         <controlfield tag="008">160216n||az|||||||##########||||||||||||</controlfield>
         <datafield tag="040" ind1=" " ind2=" ">
            <subfield code="a">A-Wst</subfield>
         </datafield>
         <datafield tag="043" ind1=" " ind2=" ">
            <subfield code="c">XA-AT</subfield>
         </datafield>
         <datafield tag="110" ind1="2" ind2=" ">
            <subfield code="a">Wienbibliothek im Rathaus</subfield>
            <subfield code="c">Wien</subfield>
            <subfield code="g">A-Wst</subfield>
         </datafield>
         <datafield tag="410" ind1="2" ind2=" ">
            <subfield code="a">Wiener Stadt- und Landesbibliothek</subfield>
         </datafield>
         <datafield tag="410" ind1="2" ind2=" ">
            <subfield code="a">Stadtbibliothek, Musiksammlung</subfield>
         </datafield>
         <datafield tag="622" ind1=" " ind2=" ">
            <subfield code="e">Wienbibliothek im Rathaus, Rathaus, 1082 Wien, Austria</subfield>
            <subfield code="u">http://www.wienbibliothek.at/index.html</subfield>
         </datafield>
      </record>