
      <record>
         <leader>00000nz  a2200169   4500</leader>
         <controlfield tag="001">30080259</controlfield>
         <controlfield tag="003">RISM</controlfield>
         <controlfield tag="005">20160216</controlfield>
         <controlfield tag="008">160216n||az|||||||##########||||||||||||</controlfield>
         <datafield tag="040" ind1=" " ind2=" ">
            <subfield code="a">A-Wus</subfield>
         </datafield>
         <datafield tag="043" ind1=" " ind2=" ">
            <subfield code="c">AT</subfield>
         </datafield>
         <datafield tag="110" ind1="2" ind2=" ">
            <subfield code="a">Universitäts-Sängerschaft "Barden zu Wien"</subfield>
            <subfield code="c">Wien</subfield>
            <subfield code="g">A-Wus</subfield>
         </datafield>
         <datafield tag="622" ind1=" " ind2=" ">
            <subfield code="u">http://www.barden.at/</subfield>
         </datafield>
      </record>