
      <record>
         <leader>00000nz  a2200169   4500</leader>
         <controlfield tag="001">30000410</controlfield>
         <controlfield tag="003">RISM</controlfield>
         <controlfield tag="005">20160216</controlfield>
         <controlfield tag="008">160216n||az|||||||##########||||||||||||</controlfield>
         <datafield tag="040" ind1=" " ind2=" ">
            <subfield code="a">A-Wweinmann</subfield>
         </datafield>
         <datafield tag="043" ind1=" " ind2=" ">
            <subfield code="c">XA-AT</subfield>
         </datafield>
         <datafield tag="110" ind1="2" ind2=" ">
            <subfield code="a">Privatbibliothek Prof. Dr. Alexander Weinmann</subfield>
            <subfield code="c">Wien</subfield>
            <subfield code="g">A-Wweinmann</subfield>
         </datafield>
         <datafield tag="410" ind1="2" ind2=" ">
            <subfield code="a">Alexander Weinmann, private collection</subfield>
         </datafield>
         <datafield tag="580" ind1=" " ind2=" ">
            <subfield code="x">US-DMu</subfield>
            <subfield code="0">30002263</subfield>
         </datafield>
         <datafield tag="580" ind1=" " ind2=" ">
            <subfield code="x">A-Wgm</subfield>
            <subfield code="0">30000388</subfield>
         </datafield>
         <datafield tag="580" ind1=" " ind2=" ">
            <subfield code="x">A-Wn</subfield>
            <subfield code="0">30000398</subfield>
         </datafield>
      </record>