
      <record>
         <leader>00000nz  a2200169   4500</leader>
         <controlfield tag="001">30000229</controlfield>
         <controlfield tag="003">RISM</controlfield>
         <controlfield tag="005">20160216</controlfield>
         <controlfield tag="008">160216n||az|||||||##########||||||||||||</controlfield>
         <datafield tag="040" ind1=" " ind2=" ">
            <subfield code="a">A-Z</subfield>
         </datafield>
         <datafield tag="043" ind1=" " ind2=" ">
            <subfield code="c">XA-AT-3</subfield>
         </datafield>
         <datafield tag="110" ind1="2" ind2=" ">
            <subfield code="a">Zisterzienserstift, Bibliothek und Musikarchiv</subfield>
            <subfield code="c">Zwettl</subfield>
            <subfield code="g">A-Z</subfield>
         </datafield>
         <datafield tag="410" ind1="2" ind2=" ">
            <subfield code="a">Bibliothek der Zisterzienserabtei</subfield>
         </datafield>
         <datafield tag="622" ind1=" " ind2=" ">
            <subfield code="e">Zisterzienserstift, Bibliothek und,  Musikarchiv, Stift Zwettl 1, 3910 Zwettl, Austria</subfield>
            <subfield code="u">http://www.stift-zwettl.at</subfield>
         </datafield>
      </record>
   </collection>

